3409 5200
2630 413 2705 469 31

465 567 531 624 H.
558 572 621 624 L.
648 567 932 624 Ahrensio
967 571 1176 636 (Ueber
1213 570 1307 625 die
1343 569 1536 624 Giittin
1577 567 1822 638 'lhemis,
1864 586 1917 638 p.
1946 573 2099 638 9sq.,
2135 587 2187 638 p.
2220 573 2305 636 11)
2345 585 2413 624 ex
2450 569 2535 625 his
2573 570 2711 624 locis

464 653 790 723 congamus
826 653 1171 724 Aeschylum
1209 649 1434 725 Αἰθέρα
1471 655 1786 709 Promethei
1814 661 2022 722 patrem
2063 647 2307 723 putasse.
2334 686 2395 693 —-
2436 653 2523 710 Cf
2546 656 2711 709 etiam

461 739 616 806 quod
651 739 798 794 idem
835 739 1159 810 Aeschylus
1208 741 1418 795 dixisse
1464 741 1666 794 fei-:tur
1722 735 1863 803 Ζεύς
1900 734 2019 794 ἐστι
2028 759 2056 792 v
2094 735 2299 810 αἰθὴρ,
2343 733 2484 804 Ζείς
2521 738 2579 795 δὲ
2620 745 2709 809 γῆ,

467 819 613 887 Ζεὶς
649 817 698 878 δ’
723 818 970 896 οὐρανός
1006 827 1146 890 κτλ,
1181 824 1289 895 frg.
1316 831 1449 881 65a.

635 915 692 976 3)
747 911 1262 966 commemorantur
1298 912 1462 966 etiam
1487 910 1747 966 Pleiades
1784 911 1896 980 Ag.
1922 917 2018 965 81·
2001 932 2037 978 ι,
2062 911 2240 967 Sirius
2276 911 2387 980 Ag.
2413 917 2537 980 9583
2572 910 2711 964 nihil

463 1009 598 1048 vero
637 995 962 1064 significant
998 997 1108 1050 nisi
1146 1013 1278 1052 vera
1313 998 1437 1067 ipsa
1473 997 1674 1052 sidera.

633 1084 689 1150 4)
741 1078 1020 1147 Πλειάδες
1055 1081 1170 1152 Ag.
1199 1087 1313 1138 817.

633 1169 688 1232 5)
739 1165 886 1222 Vide
925 1167 1218 1236 Welcker.‚
1256 1167 1362 1222 tril.
1402 1184 1456 1236 p.
1483 1172 1581 1221 564
1603 1184 1684 1236 sq.

1232 1409 1344 1476 23.
1405 1409 1598 1477 Deae
1643 1408 1934 1494 fataleS,

659 1535 985 1614 Μοῖραι,
1043 1525 1266 1616 Τύχη,
1312 1524 1540 1608 Αἷσα,
1588 1529 1961 1613 Νέμεσις,
2010 1520 2517 1615 Ἀδράστειαῑ.

630 1671 806 1742 ἓ34.
881 1675 972 1732 De
1025 1672 1312 1732 fatalibus
1366 1673 1711 1732 numinibus
1772 1672 1934 1749 apud
1993 1672 2355 1748 Aeschylum
2416 1673 2569 1733 haec
2623 1674 2710 1732 in·

460 1775 800 1836 veniuntur.

631 1875 692 1949 α)
749 1877 1066 1955 Μοῖραι.
1128 1878 1294 1938 Alias
1336 1880 1589 1956 pluralis
1622 1877 1895 1956 Μοῖραι,
1939 1878 2089 1938 alias
2129 1879 2452 1954 singularis
2484 1878 2710 1957 Μοῖρα

461 1981 711 2042 exstat2.
773 1980 1022 2059 Μοῖραι
1061 1979 1674 2060 ματροκασιγνῆται
1720 1982 2036 2041 Furiarum
2086 1983 2253 2041 Eum.
2285 1985 2427 2058 963,
2468 1980 2710 2040 παλαι-

463 2089 671 2162 γενεῖς
716 2084 880 2143 Eum.
921 2089 1060 2160 173,
1105 2078 1468 2162 τρίμορφοι
1514 2093 1656 2144 sunt
1699 2084 1895 2144 Prom.
1928 2088 2071 2145 532.
2158 2085 2291 2143 Una
2337 2103 2466 2144 cum
2513 2085 2709 2145 Furiis

461 2187 570 2246 hae
617 2170 926 2266 ἀνάγκην
971 2191 1192 2262 regunt
1236 2186 1432 2246 Prom.
1465 2191 1608 2263 531,
1655 2186 1751 2246 cui
1798 2186 1920 2246 illic
1966 2188 2194 2264 Iupiter
2240 2188 2367 2264 ipse
2413 2188 2709 2247 obnoxius

459 2293 566 2366 est,
610 2308 740 2348 cum
785 2309 819 2347 a
861 2287 1234 2366 Choephoris
1284 2287 1364 2360 (v.
1401 2289 1549 2362 305)
1599 2289 1843 2349 eaedem
1882 2290 2257 2368 invocentur,
2311 2293 2378 2349 ut
2416 2279 2709 2348 (Διόθεν

458 2391 747 2453 adiuvent
777 2390 1009 2452 Orestis
1041 2389 1333 2451 consilia3.
1393 2385 1610 2450 Παντὶ
1643 2382 1831 2470 δόμῳ
1867 2382 2275 2469 μετάκοινοι,
2311 2379 2709 2471 ὀρθονόμοι,

458 2495 741 2555 iustitiam
764 2499 1066 2573 paranteS,
1088 2479 1314 2576 πάντα
1332 2479 1729 2576 τιμιώταται
1748 2489 1935 2552 θεῶν
1956 2515 1991 2554 a
2012 2497 2206 2556 Furiis
2231 2495 2513 2556 dicuntur
2538 2497 2708 2556 Eum.

458 2602 582 2660 964
602 2616 692 2676 sq.
782 2597 924 2659 Cum
973 2599 1170 2658 omnia
1217 2597 1290 2657 ab
1337 2599 1422 2657 eis
1469 2603 1764 2675 reguntur
1809 2597 1964 2675 fata,
2009 2605 2130 2659 tum
2178 2601 2457 2676 coniugia
2502 2618 2703 2660 earum

457 2708 596 2761 sunt
636 2702 804 2761 Eum.
835 2702 958 2763 959
981 2720 1067 2783 sq.
1129 2703 1496 2761 Invocantur
1527 2702 1757 2770 Parcae
1788 2702 1862 2761 ab
1893 2700 2295 2763 Oceanidibus
2333 2704 2531 2762 Prom.
2562 2705 2705 2764 923.

457 2804 681 2863 Parcas
736 2797 1106 2878 φθίνεσθαι
1163 2804 1333 2863 Eum.
1377 2808 1496 2863 173
1559 2804 1685 2863 sive
1738 2798 2105 2863 πείθεσθαι
2151 2809 2270 2865 727
2328 2805 2546 2865 dicitur
2605 2804 2703 2877 (ab

459 2906 886 2984 Eumenidibus
916 2904 1315 2983 Aeschyleis),
1361 2926 1493 2966 cum
1543 2907 1754 2971 solitus
1799 2926 1997 2968 rerum
2032 2908 2365 2968 divinarum
2411 2914 2470 2969 et
2500 2910 2703 2969 huma-

457 3028 666 3070 narum
714 3009 864 3071 ordo
912 3016 972 3069 et
1016 3011 1343 3070 moderatio
1388 3010 1630 3071 videtur
1674 3011 1949 3071 turbatus
1995 3011 2181 3071 esse⁴.

619 3132 943 3191 Praeterea
984 3130 1306 3224 singularis
1337 3128 1561 3207 Μοῖρα
1603 3132 1839 3207 saepius
1879 3131 2039 3209 apud
2073 3132 2435 3211 Aeschylum
2477 3135 2703 3195 inveni·

362 3276 368 3282 -
454 3237 578 3309 tur,
631 3234 980 3311 simpliciter
1036 3252 1106 3292 ac
1160 3252 1354 3309 paene
1410 3234 1648 3293 sublata
1702 3236 1859 3294 omni
1920 3253 2217 3311 personae
2270 3237 2469 3313 specie
2524 3238 2705 3313 signi-

455 3335 639 3395 ficans
685 3336 871 3395 simile
911 3335 1137 3411 aliquid
1179 3336 1328 3395 Fato
1361 3338 1817 3396 Romnum-amb.
1894 3339 2157 3397 Vocatur
2190 3332 2497 3397 διανταία
2536 3341 2704 3400 Eum.

457 3442 628 3515 335,
657 3426 1117 3515 βαρυδότειρα,
1160 3427 1412 3516 μογερά
1461 3439 1620 3516 Sept.
1661 3443 1811 3518 962,
1869 3434 2117 3519 κυανέη
2169 3443 2227 3502 in
2277 3443 2703 3519 epigrammate

455 3541 752 3617 Aeschylo
808 3541 1110 3618 adscripto
1170 3540 1278 3616 frg.
1319 3545 1463 3603 449.
1559 3543 1939 3604 Tribuuutur
1992 3545 2045 3603 ei
2101 3563 2497 3623 quaecunque
2550 3548 2701 3605 acci-

455 3643 624 3718 dunt,
672 3648 735 3702 ut
782 3648 1000 3703 mortes
1047 3645 1351 3703 hominum
1400 3644 1506 3705 Ch.
1539 3648 1662 3705 909
1710 3644 1834 3720 (ubi
1884 3645 1959 3705 de
2004 3648 2466 3723 Agamemnonis
2513 3654 2702 3708 morte

454 3744 697 3822 agitur),
743 3750 883 3820 910,
928 3746 1036 3822 frg.
1068 3750 1212 3821 449,
1251 3748 1360 3823 Ag.
1399 3752 1580 3819 1451,
1623 3749 1844 3808 Troiae
1886 3750 2178 3809 excidium
2234 3751 2339 3827 Ag.
2374 3756 2513 3813 135.
2588 3754 2702 3812 Fu-

452 3849 574 3906 riae
607 3846 878 3925 Μοῐραν
916 3867 1132 3909 munus
1164 3867 1334 3909 suum
1369 3848 1479 3908 sibi
1512 3842 1886 3909 ἑπικλαῖσαι
1926 3850 2133 3911 dicunt
2177 3854 2344 3912 Eum.
2378 3858 2519 3929 335,
2560 3856 2701 3915 395.

453 3948 550 4009 Sic
616 3951 874 4027 denique
939 3951 1000 4010 in
1067 3950 1460 4011 Eumenidum
1533 3953 1914 4013 conclusione
1976 3954 2378 4015 Athenienses
2449 3957 2697 4016 secundi

453 4056 709 4111 eventus
755 4051 982 4129 gratias
1029 4059 1088 4112 et
1132 4054 1259 4113 Iovi
1306 4058 1493 4129 agunt
1537 4059 1597 4114 et
1641 4048 1871 4137 Μοίρᾳ
1922 4056 2089 4116 Eum.
2126 4060 2309 4117 1047.

623 4173 825 4249 Ipsum
863 4176 1057 4231 autem
1101 4172 1262 4248 quod
1305 4172 1573 4234 efficiunt
1601 4172 1853 4251 Μοῖραι
1894 4173 2017 4246 (vel
2049 4173 2297 4255 Μοῖρα)
2336 4176 2520 4237 fatum
2568 4179 2615 4237 si
2623 4196 2695 4236 ne

451 4272 632 4333 dubio
686 4274 760 4333 ab
799 4273 1101 4350 Aeschylo
1158 4276 1529 4352 significatur
1576 4277 1823 4337 vocibus
1882 4263 2168 4356 ἀνάγκη,
2222 4268 2299 4336 τὸ
2350 4268 2698 4357 μόρσιμον,

451 4369 899 4453 πεπρωμένον
943 4375 1096 4448 (sive
1141 4373 1582 4457 πεπρωμένος
1625 4368 1861 4458 μόρος,
1908 4372 2314 4459 πεπρωμένη
2361 4368 2539 4453 αἶσα,
2585 4376 2699 4440 πέ-
