3409 5200
706 365 784 422 32
1464 358 1477 388 ⁹

703 547 970 609 πρωται
1016 523 1180 610 cet.),
1226 548 1474 608 quarum
1526 547 1926 608 unaquaeque
1979 530 2138 607 apud
2188 548 2319 590 eum
2378 540 2808 608 saepenumero
2854 529 2953 591 de-

706 618 1159 710 prehenditurss.

877 752 912 823 ξ
955 757 1053 814 35.
1114 751 1170 822 b)
1235 741 1450 831 Τύχη.
1511 753 1648 813 Uno
1690 752 2103 813 tantummodo
2147 754 2276 814 loco
2308 754 2651 831 Aeschyleo
2694 753 2771 812 de
2807 755 2953 813 For·-

708 861 856 923 tuna
887 856 1000 916 dea
1041 857 1308 932 cogitare
1343 873 1659 933 possumus
1699 857 1810 931 Ag.
1843 859 1984 932 669,
2030 855 2127 915 ubi
2165 856 2483 932 allegorice
2515 857 2730 916 dicitur
2783 847 2952 935 Τύχη

709 953 778 1018 δὲ
825 948 1049 1037 σωτὴρ
1097 941 1536 1030 ναυστολοῦὸ
1567 949 1839 1032 ἐφέζετο
1886 956 2026 1016 κτλ.

877 1077 935 1151 c)
991 1067 1196 1137 Αἶσα
1238 1096 1480 1155 quoque
1512 1077 1624 1137 dea
1667 1096 1785 1137 uno
1816 1079 1947 1138 loco
1990 1085 2485 1140 commemoratur
2532 1079 2633 1140 Ch.
2670 1083 2811 1156 644,
2857 1079 2953 1139 ubi

649 1211 654 1217 ·
705 1182 1031 1257 allegorice
1075 1165 1542 1260 (προχαλκεύει
1584 1168 1761 1239 Αἶσα
1805 1167 2342 1260 φασγανουργὸς’
2390 1183 2624 1241 dicitur.

879 1300 944 1374 d)
1001 1294 1330 1377 Νέμεσις
1375 1321 1491 1360 non
1541 1307 1739 1361 exst-at
1782 1301 1894 1360 nisi
1942 1302 2051 1378 fvg.
2097 1306 2237 1378 257,
2283 1302 2379 1361 ubi
2428 1303 2720 1377 Priamum,
2767 1307 2832 1362 ut
2872 1303 2955 1360 vi-

707 1406 906 1481 detur,
962 1404 1130 1463 dicit:
1191 1387 1385 1481 ἡμῶν
1433 1421 1506 1483 γε
1559 1397 1791 1480 μέντοι
1836 1397 2115 1481 Νέμεσίς
2168 1387 2319 1462 ἐσθ’
2351 1391 2704 1482 ὑπεψοτὲρα.
2799 1405 2955 1464 Ulci-

707 1509 910 1568 scendi
961 1509 1140 1582 igitur
1189 1507 1318 1566 eius
1364 1525 1577 1566 munus
1623 1505 1939 1582 significari
1988 1506 2242 1566 videtur.

881 1625 935 1700 e)
1001 1610 1159 1703 2169
1177 1616 1466 1685 άστεια.
1559 1627 1775 1686 Verbis
1837 1618 1902 1684 οἱ
1953 1623 2507 1703 προσκυνοῦντες.
2557 1616 2686 1704 τὴν
2740 1614 2956 1704 Ἀδρά-

711 1742 938 1789 στειαν
960 1724 1162 1804 σοφοί
1193 1729 1610 1789 Prometheum
1640 1729 2083 1806 superbientem
2120 1735 2359 1790 monent
2388 1729 2721 1790 Oceanide's
2760 1730 2956 1789 Prom.

711 1837 864 1910 968,
917 1833 1015 1892 ubi
1062 1831 1306 1892 dubium
1355 1837 1474 1909 est,
1535 1851 1607 1891 an
1656 1832 1993 1908 Aeschylus
2050 1833 2295 1892 eandem
2346 1851 2470 1893 eam
2530 1832 2832 1909 putaverit
2889 1850 2959 1890 ae

709 1930 994 2013 Νέμεσιν
1010 1935 1048 1994 ⁵¹.
1079 1965 1164 1974 -—-
1205 1933 1418 1994 Sedem
1453 1918 1867 2012 Ἀδραστείας
1898 1934 2081 1995 fuisse
2114 1935 2273 2012 apud
2300 1937 2664 2012 Berecyntes
2696 1934 2971 2010 Aeschy-'

709 2039 802 2097 lus
849 2037 1071 2097 dixisse
1119 2037 1312 2097 fertur
1356 2035 1468 2112 frg.
1505 2041 1643 2096 155.
1737 2038 1861 2096 Nec
1894 2055 2038 2098 vcro
2082 2037 2406 2114 quidquam
2454 2037 2529 2096 de
2563 2036 2712 2096 deae
2746 2041 2959 2110 natura

709 2138 829 2198 illic
873 2139 1225 2214 reperimus,

877 2246 1138 2322 Adnot.
1175 2269 1228 2331 1)
1281 2264 1365 2319 Cf.
1403 2266 1686 2336 Klausen„
1724 2265 1894 2321 theol.
1932 2283 1983 2336 p.
2013 2272 2077 2322 36
2098 2282 2179 2336 sq.

881 2358 938 2419 2)
989 2351 1254 2406 Similiter
1291 2344 1502 2421 Ἐρινύς
1538 2357 1595 2405 ct
1630 2345 1901 2423 Ἐρινὺεςς
1936 2353 2067 2407 vide
2102 2357 2133 2418 ξ
2164 2357 2245 2408 62.

881 2442 938 2503 3)
991 2439 1075 2491 De
1112 2438 1327 2492 ratione
1375 2452 1515 2507 quae
1551 2438 1712 2498 ,inter
1748 2440 1938 2493 Iovem
1988 2445 2046 2493 et
2088 2440 2316 2508 Μοῖραν
2363 2438 2661 2494 intercedit
2708 2439 2836 2493 vide
2870 2439 2951 2506 ξι

711 2526 838 2580 adn.
868 2531 898 2580 6
937 2531 993 2578 et
1027 2524 1114 2594 §3
1153 2525 1281 2578 adn.
1311 2530 1388 2579 14.
1425 2555 1492 2562 —-
1531 2525 1613 2579 De
1652 2519 1879 2594 ἀνάγκῃ
1916 2520 2252 2594 vide'paulo
2284 2524 2447 2579 infra.

885 2615 942 2678 4)
993 2612 1142 2664 Loco
1179 2610 1362 2679 priore
1399 2611 1599 2665 Furiae
1637 2618 1971 2679 queruntur,
2020 2611 2173 2681 quod
2212 2611 2417 2680 Apollo
2461 2612 2712 2665 Orestem
2757 2617 2962 2678 tuetur,

715 2697 1022 2766 posteriore
1059 2696 1235 2750 eidem
1276 2696 1383 2749 deo
1419 2696 1697 2763 obiciunt,
1749 2698 1881 2750 vino
1918 2713 2041 2751 cum
2080 2697 2285 2751 Parcas
2323 2697 2721 2766 commovisse,
2770 2704 2833 2753 ut
2867 2698 2961 2750 im-

713 2782 993 2837 mortalem
1032 2780 1283 2836 facerent
1317 2780 1627 2835 Pheretem.
1700 2781 1786 2837 cf.
1823 2784 1855 2852 ξ
1890 2788 1949 2838 13
1988 2783 2115 2837 adu.
2144 2788 2190 2836 4.

883 2872 939 2933 5)
991 2865 1078 2921 cf.
1116 2866 1391 2921 Keckium
1439 2866 1566 2932 (der
1603 2866 1770 2921 theol.
1802 2867 2064 2923 Charakt.
2104 2869 2204 2922 des
2240 2866 2382 2922 Zeus
2427 2869 2484 2922 in
2522 2867 2731 2923 Aesch.
2766 2868 2963 2936 Proin„

712 2972 768 3023 p.
799 2957 901 3021 14),
945 2953 1039 3022 qui
1089 2951 1418 3021 „manifesto
1463 2968 1570 3006 non
1615 2967 1742 3007 esse
1780 2968 2069 3021 personam
2114 2954 2349 3025 Molpau
2392 2956 2543 3023 apud
2580 2953 2956 3025 Aeschylum⁸⁴

712 3045 934 3105 censet,
971 3039 1120 3093 bene
1155 3043 1340 3093 autem
1378 3052 1498 3091 eam
1534 3038 1778 3109 'explieat
1815 3045 1878 3092 ut
1918 3054 2065 3105 „eam
2093 3040 2201 3093 vim
2240 3055 2351 3107 qua
2387 3040 2555 3093 certis
2593 3040 2739 3093 datis
2776 3040 2962 3093 condi-

712 3124 967 3179 cionibus
1004 3130 1158 3194 certa
1194 3128 1662 3193 consequuntur“.

884 3213 939 3276 6)
987 3206 1334 3264 Accuratius
1371 3210 1508 3279 quid
1534 3210 1727 3263 horum
1754 3210 2157 3265 vocabulorum
2183 3212 2448 3281 quodque
2474 3210 2757 3279 significet
2791 3211 2962 3264 Klau-

715 3295 902 3349 senius
936 3296 1059 3361 (1.1.
1097 3312 1151 3363 p.
1178 3300 1243 3349 46
1264 3297 1372 3363 sq.)
1418 3296 1700 3364 explicare
1738 3302 1985 3352 conatur.
2025 3328 2091 3335 —-
2128 3298 2289 3364 Loci,
2335 3297 2427 3366 qui
2466 3313 2576 3351 non
2617 3297 2781 3366 pauci
2818 3303 2964 3364 sunt,

714 3379 968 3447 congesti
1007 3386 1141 3434 sunt
1174 3394 1207 3431 a
1243 3378 1540 3434 Dindorfio
1576 3382 1630 3433 in
1675 3382 1781 3435 lex.
1809 3380 2016 3435 Aeseh.
2054 3398 2096 3435 s.
2122 3398 2215 3437 vv.
2254 3374 2355 3445 civ„
2393 3378 2583 3452 wipo„
2621 3398 2757 3436 πεπ.

889 3469 941 3530 7)
1000 3462 1072 3520 Ut
1108 3465 1460 3520 Weckleinio
1496 3467 1736 3523 videtur.

1001 4340 1214 4397 Cetera
1249 4340 1598 4409 propediem
1639 4338 1897 4395 edent-ur
1934 4340 1996 4395 iu
2033 4340 2193 4395 mss-
2234 4342 2371 4397 Hal.
2410 4343 2533 4397 rol.
2574 4342 2687 4396 IX.
