3409 5200
2632 445 2709 502 21

460 604 721 660 habiliter
754 605 1021 660 ostendat
1065 603 1174 658 tale
1220 609 1608 673 argumentum
1656 603 1781 658 eius
1832 601 2023 658 fuisse.
2085 603 2169 659 cf.
2204 603 2237 671 ,Q
2274 608 2337 658 89
2374 603 2501 658 adn.
2530 607 2576 657 3.
2642 603 2713 658 .V.

461 691 690 756 Robert,
726 688 897 746 Aroh.
924 689 1060 744 Zeit.
1091 695 1220 744 1876
1260 705 1313 758 p.
1344 694 1438 742 134
1473 689 1601 743 adn.
1628 695 1675 743 3.
1714 716 1784 728 -ι
1822 687 2121 744 Probabile
2169 693 2356 743 autem
2402 693 2489 744 ost
2533 688 2593 742 in
2638 686 2713 742 fa-

463 777 609 844 bula,
645 776 807 832 cuius
843 774 1140 844 inscriptio
1179 773 1288 829 fuit
1332 770 1650 842 Τοξότιδες,
1687 773 1901 829 Dianae
1937 779 2129 843 partes
2164 773 2367 844 fuisse,
2404 774 2462 828 in
2499 789 2611 845 qua
2646 774 2715 830 de

463 861 754 918 Actaeone
792 861 1084 932 agebatur.
1143 859 1290 916 Vide
1327 865 1356 928 ἓ
1397 865 1508 915 176.

1397 1049 1455 1117 7.
1512 1041 1783 1136 Ἄρηςῑ.

633 1179 668 1249 ἓ
705 1181 799 1238 17.
877 1178 967 1236 De
1009 1176 1188 1236 rebus
1234 1177 1443 1236 Martis
1487 1176 1805 1254 gentiliciis
1839 1176 1965 1236 sive
2000 1175 2341 1237 domesticis
2386 1177 2499 1237 hoc
2531 1196 2714 1238 unum

461 1281 712 1360 praebet
785 1279 1156 1356 Aeschylus,
1239 1279 1402 1356 quod
1480 1263 1868 1357 Ἀφροδίτης
1948 1263 2283 1356 εὖνάτορα
2364 1299 2499 1340 eum
2575 1279 2719 1339 dicit

390 1393 393 1396 ·
461 1383 818 1463 Supp.672.

633 1487 916 1563 Plurima,
960 1503 1155 1563 paene
1188 1484 1386 1545 omnia
1431 1503 1588 1561 quae
1637 1485 1879 1545 omnino
1926 1485 2001 1546 de
2032 1487 2223 1546 Marte
2270 1490 2511 1546 exstant
2554 1484 2716 1562 apud

465 1589 848 1666 Aeschylum,
894 1592 1035 1647 sunt
1077 1587 1151 1646 de
1186 1591 1452 1648 natura
1483 1589 1610 1647 eius
1644 1589 2111 1666 moribusque.
2200 1584 2448 1664 Pugnae
2496 1587 2718 1648 caedis-

464 1711 581 1770 que
627 1691 842 1753 avidus
889 1690 1190 1750 hominum
1224 1689 1572 1766 exstinctor,
1617 1708 1799 1751 verus
1831 1692 1973 1752 belli
2004 1690 2155 1751 deus
2199 1691 2299 1751 ille
2346 1694 2452 1751 est.
2527 1691 2718 1767 Signi-

463 1794 678 1854 ficatur
726 1781 1155 1871 χρυσοπήληξ
1210 1790 1374 1868 Sept.
1422 1795 1556 1853 103.
1659 1793 1867 1853 [urant
1926 1811 2035 1869 per
2092 1809 2225 1852 eum
2288 1793 2391 1869 qui
2452 1809 2715 1869 pugnam

464 1901 680 1975 parant
735 1894 897 1971 Sept.
942 1898 1039 1956 45.
1139 1896 1329 1954 lactat
1392 1895 1675 1954 Eteoclus
1738 1895 1903 1954 miles
1962 1894 2365 1954 ferocissimus
2426 1912 2501 1955 ue
2561 1894 2719 1954 Mar-

466 2005 579 2059 tem
646 1997 884 2076 quidem
949 2015 1013 2058 se
1074 1996 1377 2057 fortiorem
1443 2015 1572 2058 esse
1646 1996 1809 2074 Sept.
1850 2001 1993 2059 456.
2098 1977 2299 2074 Atque
2362 1980 2721 2075 ἄρείφατος

463 2101 760 2179 significat
820 2097 1131 2177 ‘bellicus,
1167 2100 1400 2188 tortis,
1454 2099 1712 2160 validus’
1768 2100 1883 2174 frg.
1928 2104 2075 2177 146,
2139 2100 2307 2159 Eum.
2356 2103 2496 2160 914.
2599 2100 2720 2176 Ap-

464 2204 725 2283 pellatur
783 2188 1228 2282 βροτολοιγός
1288 2203 1472 2281 Supp.
1520 2208 1674 2282 673,
1736 2192 2018 2282 μάχλος,
2080 2199 2377 2283 θερίζων
2430 2194 2720 2282 βροτοὺς

465 2299 540 2366 ἐν
601 2294 827 2376 ἄλλοις
889 2289 1161 2382 ἀρότοις
1223 2303 1407 2382 Supp.
1455 2309 1605 2382 644,
1669 2289 1911 2384 ἄχορος
1969 2310 2121 2384 643,
2176 2310 2325 2384 689,
2389 2290 2722 2385 ἄκίθαρις,

467 2396 922 2486 δακρυογόνος
986 2412 1140 2484 689,
1215 2396 1556 2486 λαοδάμας
1613 2401 1903 2487 μιαίνων
1964 2393 2310 2482 εὐσέβειαν
2369 2409 2531 2486 Sept.
2580 2414 2723 2487 330,

466 2498 592 2571 οὐκ
638 2503 935 2591 ἐπίχαρις
991 2511 1154 2589 Sept.
1197 2515 1340 2574 894.
1431 2513 1712 2574 Similiter
1766 2513 1984 2572 dicitur
2039 2515 2287 2574 Martem
2348 2513 2721 2591 (χρυσαμοι-

467 2605 591 2689 βόν
626 2604 992 2693 σωμάτων)
1039 2634 1148 2692 pro
1189 2617 1318 2675 viro
1365 2634 1442 2677 ex
1487 2617 1707 2694 pugnis
1753 2618 2054 2677 remittere
2102 2635 2310 2677 urnam
2352 2617 2569 2677 cineris
2614 2617 2724 2695 Ag.

467 2722 589 2779 445
615 2736 724 2795 sq„
769 2716 994 2793 duplex
1037 2718 1087 2777 ei
1123 2736 1254 2777 esse
1286 2718 1608 2795 flagellum,
1652 2736 1774 2795 quo
1816 2717 2165 2795 delectetur,
2212 2710 2525 2796 δίλογχον
2558 2706 2723 2798 ἄτην

467 2815 742 2897 φοινίαν
787 2813 1128 2899 ξυνωρίδα
1172 2820 1284 2897 Ag.
1317 2824 1465 2891 6473
1523 2821 1821 2881 similiter:
1873 2805 2056 2901 Ἄρης
2102 2818 2283 2895 φιλεῖ
2328 2806 2425 2879 ἀεὶ
2466 2810 2551 2879 τὰ
2592 2818 2721 2899 λῷ-

467 2936 592 2983 στα
637 2913 858 2983 πάντα
905 2920 1194 3000 στρατοῦ
1248 2921 1540 3000 perdere2
1591 2922 1706 3001 frg.
1752 2928 1858 3002 98,
1923 2910 2107 3003 Ἄρης
2158 2912 2472 2997 βόσκεται
2528 2912 2736 3002 φόνῳ

467 3022 736 3105 βροτῶν
781 3027 941 3104 Sept.
975 3029 1112 3087 230.
1203 3027 1450 3102 Pugnas
1495 3025 1592 3084 ille
1635 3024 1939 3104 discernit,
1986 3016 2184 3104 ἔργον
2231 3023 2289 3098 (i.
2322 3044 2371 3085 e.
2413 3025 2721 3102 proelium,

471 3124 794 3203 certamen)
853 3120 926 3187 ἐν
979 3116 1210 3201 κύβοις
1265 3120 1478 3204 κρίνει
1515 3120 1699 3203 Sept.
1742 3132 1896 3209 401,
1958 3116 2138 3206 Ἄρης
2198 3116 2446 3205 δικάζει
2506 3125 2723 3187 ταῦτα

469 3231 655 3308 Supp.
687 3235 836 3305 9453
893 3237 985 3292 est
1029 3231 1129 3291 ille
1174 3224 1633 3307 ταλαντοῦχος
1685 3222 1759 3289 ἐν
1802 3220 1975 3307 μάχῃ
2023 3216 2223 3309 δορός
2268 3232 2380 3308 Ag.
2413 3235 2564 3307 446,
2615 3248 2722 3289 πι-

469 3321 629 3410 κρὸς
669 3320 1028 3411 χρημάτων
1076 3321 1285 3401 κακὸς
1331 3320 1620 3410 δατητάς
1667 3330 1829 3409 Sept.
1865 3335 2005 3393 926.

640 3433 892 3511 Saepius
924 3435 1060 3494 aliis
1085 3433 1342 3495 deorum
1376 3435 1715 3495 nominibus
1748 3436 1955 3494 Martis
1989 3434 2425 3512 quodammodo
2457 3436 2724 3513 appella·

469 3540 590 3599 tive
636 3537 798 3614 apud
829 3530 1196 3613 Aeschylum
1246 3542 1589 3618 usurpatur.
1672 3540 1825 3599 Cum
1874 3556 2079 3598 eorum
2127 3556 2277 3615 quos
2324 3538 2439 3597 iam
2486 3556 2723 3598 enume-

471 3640 600 3700 ravi
645 3641 911 3700 locorum
957 3640 1232 3700 nonnulli
1278 3640 1567 3700 eiusmodi
1599 3641 1735 3718 sint,
1784 3645 1847 3700 ut
1892 3639 2135 3700 dubium
2177 3642 2273 3717 sit,
2319 3644 2515 3701 utrum
2565 3641 2724 3701 Mars

471 3760 579 3818 pro
627 3760 768 3803 vero
825 3742 937 3811 deo
1002 3762 1080 3802 an
1135 3761 1248 3819 pro
1299 3744 1432 3818 ipso
1489 3743 1896 3803 tantummodo
1950 3742 2105 3802 bello
2163 3741 2392 3819 positus
2448 3742 2549 3818 sit,
2607 3742 2720 3802 iam

473 3844 574 3903 alii
619 3844 906 3905 afferendi
939 3849 1108 3922 sunt,
1144 3845 1244 3905 ubi
1278 3845 1450 3905 unice
1480 3846 1866 3923 appellative,
1915 3851 1982 3906 ut
2012 3845 2095 3905 ita
2126 3845 2337 3922 dicam,
2380 3844 2476 3904 dei
2508 3863 2722 3905 nomen

475 3946 898 4024 explicandum
940 3953 1046 4023 est,
1093 3953 1159 4007 ut
1202 3948 1362 4025 Sept.
1396 3952 1475 4009 63
1523 3942 1758 4007 πνοιαὶ
1799 3934 2034 4025 Ἄρεως
2080 3953 2139 4008 et
2184 3947 2346 4025 Sept.
2382 3952 2502 4009 110
2546 3942 2723 4024 κῦμα

473 4054 716 4119 πνοαῖς
757 4037 970 4127 Ἄρεος
1015 4034 1352 4129 ὀρόμενον
1396 4068 1504 4126 pro
1536 4044 1827 4111 ‘hostium
1868 4045 2121 4129 impetu'
2162 4051 2379 4111 dicitur
2423 4049 2524 4123 (cf.
2557 4046 2724 4121 330).

474 4152 642 4213 Nihil
686 4159 777 4213 est
821 4154 933 4213 nisi
977 4147 1244 4213 ‘bellum’
1297 4138 1480 4231 Ἄρης
1525 4154 1685 4232 Sept.
1720 4158 1863 4232 399,
1907 4156 2088 4233 Supp.
2124 4157 2246 4215 710
2276 4153 2375 4225 (cf.
2410 4153 2576 4231 690),
2620 4146 2723 4231 ἐμ·

474 4244 718 4331 φύλιος
765 4243 948 4333 Ἄρης
991 4249 1239 4315 ‘bellum
1284 4255 1477 4316 civile’
1526 4257 1694 4317 Eum.
1737 4261 1877 4318 864.
1969 4242 2119 4335 Ἄρη
2170 4261 2367 4315 πνεῖν
2421 4258 2533 4333 Ag.
2580 4260 2724 4334 386,

479 4362 670 4434 1234,
725 4346 873 4439 Ἄρη
911 4350 1310 4436 δεδορκέναι
1354 4360 1510 4435 Sept.
1545 4363 1652 4433 53,
1705 4343 1853 4437 Ἄρη
1898 4349 2172 4433 κλάζειν
2218 4360 2329 4436 Ag.
2360 4362 2442 4419 48
2489 4357 2722 4419 dicitur.

474 4462 603 4523 Nec
647 4462 841 4523 solum
889 4460 1069 4539 bella,
1123 4478 1394 4539 pugnae,
1453 4460 1560 4521 sed
1605 4461 1782 4521 etiam
1828 4462 2202 4538 singulorum
2248 4461 2460 4522 caedes
2518 4462 2724 4522 Martis
