3409 5200
2659 374 2732 430 11

496 541 578 596 les
622 539 679 594 in
716 539 918 595 ceteris
955 538 1159 594 fabulis
1209 536 1627 604 describuntur,
1672 535 1995 591 intercedit:
2054 534 2375 604 „Duplicem
2415 548 2576 588 usum
2613 548 2740 588 esse

494 625 734 712 nominis
771 625 924 680 Iovis
961 625 1110 695 apud
1149 630 1386 690 veteres,
1422 628 1643 694 praeter
1679 627 1896 678 ceteros
1933 621 2085 690 apud
2119 619 2486 690 Aeschylum.
2557 619 2739 688 Signi-

494 709 660 766 ficare
696 721 891 764 nomen
930 710 1071 765 illud
1117 725 1269 765 nunc
1307 725 1478 763 unum
1516 724 1585 764 ex
1622 707 1744 763 deis
1791 708 1888 776 qui
1923 721 2217 776 supremus
2253 704 2547 772 habeatur,
2593 720 2741 759 nunc

383 833 388 838 -
494 794 721 849 omnino
759 793 1002 848 divinam
1043 799 1294 848 naturam
1339 799 1476 848 cet.“
1550 792 1669 847 Iam
1701 791 1841 847 satis
1887 791 2031 846 hanc
2066 789 2371 845 Hermanni
2406 789 2739 844 sententiam

493 877 764 934 refutavit
801 877 1219 934 Schoemannus
1265 879 1320 932 in
1359 877 1659 932 ‘Vindicils
1706 875 1857 932 Iovis
1895 873 2226 944 Aeschylei’
2276 879 2431 945 (opp.
2467 873 2570 942 III,
2612 889 2740 944 pag.

496 969 560 1020 98
581 967 708 1034 sq.).
781 962 866 1020 cf.
903 965 1067 1020 etism
1104 963 1424 1030 Keckium,.
1453 964 1553 1018 der
1588 961 1973 1032 theologlsche
2010 959 2319 1016 Charakter
2367 960 2468 1015 des
2504 959 2645 1015 Zeus
2680 959 2739 1013 in

495 1048 706 1105 Aesch.
729 1051 926 1120 Prom.,
963 1068 1017 1121 p.
1045 1055 1101 1119 23
1136 1048 1468 1116 Wecklein„
1506 1048 1592 1104 ed.
1617 1049 1797 1104 Prom.
1833 1064 1887 1116 p.
1918 1052 1994 1102 12.

672 1138 727 1199 2)
781 1135 958 1191 Recte
994 1136 1226 1190 adnotat
1259 1134 1611 1191 scholiastes:
1653 1125 1686 1203 ἡ
1727 1125 1867 1202 αὐτὴ
1906 1127 2018 1202 γὰρ
2046 1126 2174 1187 Ῥέα
2211 1130 2311 1186 καὶ
2347 1133 2448 1200 Γῆ.
2522 1129 2739 1184 Clarius

495 1219 600 1274 hoc
626 1220 976 1276 demonstrat
999 1218 1342 1274 Klausenius
1379 1220 1414 1274 l.
1437 1220 1472 1275 l.
1498 1236 1551 1288 p.
1580 1225 1643 1274 33
1681 1219 1808 1272 adu.
1834 1223 1917 1274 46.
1976 1215 2155 1273 Etiam
2181 1215 2490 1284 Sophocles
2514 1213 2738 1270 'l'erram

497 1307 648 1363 Iovis
683 1314 911 1363 matrem
947 1307 1195 1378 appellat
1230 1307 1370 1362 Phil.
1397 1313 1512 1363 389.
1585 1305 1668 1362 Cf.
1702 1308 2075 1362 Hermannum
2112 1305 2183 1359 ad
2221 1305 2270 1360 h.
2297 1305 2331 1359 l.

668 1398 727 1462 3)
777 1393 864 1449 cf.
899 1393 932 1463 ἓ
968 1399 1049 1448 75.
1848 1460 1855 1468 ἡ

537 1517 546 1530 .
668 1479 724 1548 4)
777 1477 1106 1535 Τθιιοιιᾱιιω
1156 1493 1290 1534 vero
1337 1483 1429 1534 est
1484 1477 1873 1533 Prometheum
1920 1476 2105 1546 ipsum
2161 1474 2265 1532 hoc
2311 1475 2383 1530 de
2429 1490 2490 1530 se
2538 1474 2739 1530 dicere.

499 1562 586 1622 Cf.
622 1568 652 1630 §
689 1569 770 1619 81.

671 1653 728 1718 5)
779 1650 865 1705 De
902 1648 1154 1706 Atlantis
1191 1665 1376 1720 poena
1413 1649 1543 1706 vide
1578 1651 1610 1720 ἕ
1646 1654 1730 1704 42.

669 1741 726 1802 6)
781 1735 1016 1791 Maxime
1052 1736 1360 1804 conspicua
1403 1741 1491 1790 est
1535 1736 1713 1806 primo
1754 1739 1991 1803 aspectu
2037 1749 2109 1788 ne
2155 1732 2331 1788 dicam
2377 1731 2613 1786 offendit
2659 1730 2740 1784 di-

497 1822 733 1878 versitas
769 1838 981 1877 morum
1017 1828 1075 1878 et
1107 1822 1311 1877 indolis
1347 1823 1527 1891 Iovis,
1575 1822 1768 1891 quales
1805 1821 1862 1875 in
1899 1819 2228 1876 Prometheo
2265 1819 2469 1874 Vincto
2517 1824 2575 1874 et
2609 1825 2747 1887 qua-'

497 1907 579 1962 les
615 1907 672 1961 iu
708 1907 910 1962 ceteris
949 1906 1155 1962 fabulis
1191 1906 1515 1978 Aeschylus
1550 1907 1840 1962 describit.
1912 1905 2206 1974 Nunquam
2238 1904 2378 1960 alias
2416 1910 2527 1958 tam
2562 1904 2740 1958 durus

499 2008 569 2048 ne
607 1993 786 2048 dicam
822 2007 1053 2048 severus
1101 1997 1159 2047 et
1195 1992 1439 2047 crudelis
1476 1992 1735 2047 domiuus
1782 1991 1998 2061 Iupiter
2043 1989 2276 2060 fingitur
2323 2005 2487 2059 quam
2522 1990 2576 2045 in
2613 1990 2740 2045 Pro-

498 2078 718 2133 metheo
743 2077 966 2134 Vincto.
1024 2073 1220 2147 Atque
1255 2093 1380 2134 eum
1416 2078 1551 2133 alias
1588 2093 1801 2133 summa
1834 2077 1917 2131 illi
1954 2083 2044 2132 est
2077 2076 2371 2146 sapientia,
2405 2076 2509 2144 vis,
2546 2083 2740 2145 poten-

499 2165 594 2232 tia,
627 2165 684 2220 in
722 2166 998 2241 Prom.‚et
1031 2163 1150 2220 fato
1186 2164 1474 2220 subiectus
1511 2170 1614 2232 est,
1649 2180 1773 2220 cum
1809 2162 1929 2219 fieri
1967 2163 2164 2233 possit,
2200 2168 2263 2217 ut
2296 2161 2507 2218 existat
2540 2161 2637 2230 qui
2674 2177 2741 2216 eo

498 2249 780 2321 potentior
815 2250 908 2316 sit,
943 2265 1122 2320 neque
1157 2249 1399 2304 omnium
1436 2264 1615 2304 rerum
1652 2248 1965 2304 futurarum
2002 2264 2210 2317 guarus
2246 2253 2351 2302 est.
2422 2247 2536 2302 Iam
2575 2261 2741 2316 quae·

498 2336 609 2391 stio
635 2333 961 2390 difficilllma
985 2347 1179 2390 coorta
1203 2341 1306 2404 est,
1345 2350 1486 2405 quae
1523 2334 1690 2390 huius
1716 2336 1794 2391 rei
1830 2332 2122 2406 Aeschylo
2157 2332 2330 2389 fuerit
2354 2349 2538 2390 causa.
2587 2335 2742 2399 Quae

498 2421 852 2477 doctissimos
882 2422 1082 2476 aetatis
1108 2427 1332 2476 nostrae
1363 2422 1510 2475 viros
1547 2422 1860 2490 occupavit.
1914 2421 2135 2476 Afferre
2171 2419 2446 2476 sufficiat:
2482 2418 2742 2474 Welcke-

497 2523 614 2562 rum
653 2508 687 2562 l.
712 2508 746 2562 l.
785 2513 842 2562 et
876 2507 970 2562 Gr.
996 2506 1348 2563 Gotterlehre
1386 2507 1452 2575 Π,
1490 2526 1544 2578 p.
1573 2513 1670 2562 246
1691 2524 1794 2578 sq.;
1841 2507 2165 2562 Dissenium
2202 2507 2281 2574 (in
2314 2505 2594 2562 Welckeri
2629 2503 2740 2560 tril.

498 2612 553 2663 p.
579 2601 642 2649 92
663 2597 792 2664 sq.);
839 2592 1296 2663 Schoemannum,
1331 2596 1418 2651 ed.
1450 2595 1629 2651 Prom.
1666 2612 1721 2664 p.
1752 2601 1771 2649 1
1798 2612 1899 2665 sq.;
1939 2611 2071 2664 opp.
2105 2593 2185 2649 111
2221 2610 2274 2663 p.
2301 2597 2365 2648 95
2386 2609 2487 2663 sq.‚
2526 2595 2621 2647 120
2642 2608 2743 2661 sq.;

499 2679 654 2735 Noch
691 2680 783 2735 ein
811 2676 973 2735 Wort
1007 2681 1149 2735 iiber
1182 2680 1449 2752 Aeschyl.
1486 2682 1684 2750 Prom.,
1724 2686 1880 2748 18593
1929 2682 1995 2735 G.
2020 2680 2415 2747 Hermannum,
2450 2694 2581 2748 opp.
2608 2677 2742 2730 VIII

497 2783 553 2835 p.
585 2771 678 2820 144
699 2782 800 2835 sq.;
854 2765 1173 2835 Caesarem,
1219 2765 1274 2822 Z.
1305 2765 1343 2821 f.
1377 2766 1431 2823 d.
1454 2762 1529 2822 A.
1561 2772 1688 2822 1845
1729 2783 1781 2835 p.
1808 2771 1903 2821 321
1928 2782 2029 2835 sq.;
2076 2766 2189 2821 Der
2239 2762 2595 2820 Prometheus
2641 2762 2742 2817 des

497 2849 786 2920 Aeschyl„
828 2856 983 2919 186ος
1014 2852 1296 2918 ‘Vischer.,
1333 2852 1472 2907 Ueb.
1499 2851 1588 2907 die
1613 2850 2326 2919 Prometheus-Tragiidien
2358 2849 2460 2905 des
2482 2846 2739 2920 Aeschy-

498 2936 604 3004 lus,
640 2936 766 2991 Bas.
797 2941 955 3005 18593
1003 2935 1201 3004 Keck.,
1238 2937 1351 2991 Der
1388 2937 1554 2991 theol.
1580 2936 1891 2992 Charakter
1921 2936 2022 2991 des
2047 2936 2192 2991 Zeus
2228 2936 2284 2990 in
2309 2934 2516 2989 Aesch.
2542 2934 2743 3001 Prom.;

498 3020 826 3090 Dronkium,
863 3025 896 3075 l.
928 3022 962 3076 l.
999 3039 1054 3092 p.
1083 3027 1144 3077 14
1166 3038 1266 3093 sq.;
1317 3022 1651 3091 Marcovitz„
1688 3022 1774 3077 De
1810 3019 2021 3077 Aesch.
2057 3023 2254 3088 Prom.,
2290 3020 2481 3089 Progr.
2514 3020 2742 3073 Diissel-

499 3107 630 3162 dorf
665 3112 819 3176 18653
866 3106 1158 3176 Schwarz.,
1199 3123 1381 3178 progr.
1420 3124 1590 3178 supra
1628 3108 1793 3177 laud.;
1840 3106 2169 3177 Wecklein„
2210 3106 2368 3161 Stud.
2407 3122 2477 3160 zu
2512 3103 2744 3171 Aeseh.,

498 3211 550 3261 p.
581 3198 642 3249 23
662 3209 762 3262 sq.;
799 3194 886 3248 ed.
910 3194 1105 3261 From„
1141 3212 1194 3265 p.
1226 3198 1305 3261 12,
1340 3199 1400 3249 16
1434 3194 1594 3260 (ibid.
1618 3212 1672 3263 p.
1700 3200 1765 3249 24
1804 3195 1963 3263 plura
1996 3208 2138 3263 quae
2175 3192 2245 3247 de
2280 3191 2384 3247 hae
2408 3192 2741 3262 quaestione

485 3272 789 3349 ’disputata
839 3287 973 3339 sunt
1025 3280 1412 3336 Weckleinius
1472 3282 1816 3350 nominavit).
1903 3282 2148 3346 Quorum
2202 3294 2394 3334 omnes
2446 3277 2741 3348 opiniones

499 3364 792 3433 omniaque
827 3370 1159 3435 argumenta
1202 3372 1266 3420 ut
1302 3365 1391 3420 hic
1427 3381 1771 3435 recenseam,
1819 3364 2062 3435 spatium
2110 3363 2277 3419 huius
2322 3362 2580 3433 opusculi
2628 3376 2741 3416 non

498 3449 782 3518 permittit.
867 3450 1016 3504 Satis
1063 3450 1244 3506 habeo
1288 3451 1450 3506 fateri
1502 3452 1632 3505 mihi
1676 3466 2007 3520 persuasum
2055 3465 2181 3505 esse
2227 3454 2379 3505 recte
2429 3464 2491 3503 se
2537 3447 2739 3502 habere

498 3550 617 3589 eam
655 3535 1019 3603 sententiam,
1069 3552 1232 3605 quam
1269 3536 1480 3605 primus
1516 3536 1751 3605 protulit
1784 3536 2081 3592 Dissenius
2116 3536 2176 3603 (l.
2203 3535 2288 3605 1.),
2335 3532 2520 3589 fusius
2557 3546 2743 3602 perse·

498 3621 609 3675 cuti
655 3626 789 3675 sunt
834 3621 1291 3689 argumentisque
1336 3621 1808 3678 confirmaverunt
1855 3622 2061 3678 Caesar
2108 3628 2165 3676 et
2209 3620 2489 3676 Keckius:
2546 3618 2741 3683 „Utin

498 3705 906 3761 Eumenidibus
959 3706 1245 3761 Furiarum
1298 3708 1780 3763 commutationem
1836 3707 2113 3779 quandam
2172 3706 2334 3762 nobis
2388 3704 2745 3775 proposuerit

497 3788 596 3859 (cf.
623 3792 655 3863 ξ
681 3797 744 3847 63
771 3808 820 3847 e.
844 3792 971 3846 adn.
1001 3795 1110 3859 12),
1148 3794 1229 3848 sic
1263 3788 1611 3865 Aeschylum
1647 3810 1720 3850 ne
1756 3794 1946 3849 Iovem
1983 3794 2205 3863 quidem
2250 3798 2479 3862 putasse
2526 3806 2744 3861 semper

499 3876 661 3932 deum
698 3875 1163 3946 perfectissimum
1194 3876 1370 3935 fuisse
1407 3881 1626 3950 qualem
1663 3881 1993 3950 plerumque
2029 3895 2153 3935 eum
2191 3878 2483 3934 describat.
2555 3876 2647 3933 Sic
2683 3875 2737 3929 in

501 3962 728 4018 ‘Vincto
763 3964 1091 4020 Prometheo
1103 3966 1134 4033 ',
1183 3965 1282 4020 ubi
1329 3965 1617 4036 imperium
1663 3967 1893 4022 deorum
1942 3967 2105 4022 modo
2148 3964 2540 4035 occupaverit,
2588 3964 2739 4032 quod

499 4064 835 4119 magnopere
873 4050 1141 4119 premitur
1191 4052 1261 4106 ab
1298 4046 1616 4121 Aeschylo,
1664 4052 1915 4108 nondum
1951 4052 2263 4121 perfectum
2310 4066 2436 4105 eum
2472 4048 2637 4118 fingi,
2683 4049 2742 4101 in

497 4134 691 4189 fabula
736 4141 920 4190 autem
969 4151 1114 4205 quae
1161 4136 1618 4207 subsequebatur,
1660 4136 1880 4193 ‘Soluto
1920 4136 2291 4205 Prometheo’‚
2335 4135 2576 4190 animum
2620 4133 2741 4189 eius

497 4219 854 4289 indolemque
900 4222 1006 4275 iam
1052 4222 1134 4276 ita
1180 4228 1389 4278 mutata
1435 4225 1722 4292 proposita
1765 4222 1969 4292 fuisse,
2016 4230 2081 4279 ut
2125 4220 2535 4293 perfectissima
2580 4220 2735 4276 sint.“

499 4304 584 4361 Cf.
619 4305 684 4375 §§
721 4311 786 4361 84
823 4312 881 4362 et
917 4312 998 4361 85.
1069 4308 1274 4363 Rerum
1312 4309 1678 4379 singularum,
1717 4310 1788 4365 de
1825 4310 2031 4379 quibus
2068 4308 2408 4364 dissentiunt
2444 4306 2649 4362 Caesar
2685 4311 2743 4360 et

502 4390 771 4462 Keckius‚
795 4391 898 4447 hoc
925 4408 1096 4448 unum
1120 4400 1421 4450 memoratu
1447 4396 1673 4468 dignum
1698 4395 1832 4451 mihi
1856 4395 2101 4464 videtur,
2131 4395 2282 4464 quod
2306 4392 2395 4449 hic
2426 4393 2485 4461 (l.
2509 4392 2545 4446 l.
2568 4409 2624 4462 p.
2650 4394 2741 4457 23)
