3409 5200
661 407 742 466 28

1167 567 1278 634 16.
1340 563 1634 646 Πειθώ,
1680 562 1975 644 Πόθος,
2022 557 2398 652 Ἀρμονιά.

817 695 851 764 ἓ
873 698 969 756 27.
1017 693 1224 755 Matris
1241 677 1627 774 Ἀφροδίτης
1651 695 1850 755 sociae
1872 698 1931 754 et
1952 695 2197 754 comItes
2222 700 2364 754 sunt
2382 679 2635 770 Πόθος,
2658 682 2909 771 Πειθώ,

659 785 965 876 Ἁρμονία
1009 797 1193 874 Supp.
1229 801 1390 858 1049
1412 795 1530 874 sqs1
1619 797 1712 856 De
1742 797 1935 857 Potho
1976 801 2292 873 praetcrea
2322 796 2471 856 nihil
2509 800 2706 857 exstat
2744 796 2909 875 apud

661 900 1021 975 Aeschylum
1069 917 1263 975 neque
1303 898 1376 960 de
1409 899 1740 959 Harmonia
1778 899 2105 976 quidquam
2150 902 2392 976 praeter
2436 899 2568 976 hoc,
2613 897 2778 986 quod
2824 899 2909 959 ibi

660 1003 936 1080 legimus:
983 994 1249 1061 δέδοται
1296 986 1355 1062 δ’
1384 988 1694 1084 Ἁρμονίᾳ
1731 986 1909 1081 μοῖρ’
1941 989 2330 1080 Ἀφροδίτας
2368 994 2652 1082 ψεδυραὶ
2691 995 2911 1078 τρίβοι

660 1090 720 1163 τ’
749 1089 1042 1184 ἐρώτων.

832 1207 1109 1268 Pluribus
1141 1209 1289 1268 locis
1322 1197 1556 1267 Πειθώ
1588 1214 2100 1269 commemoratur.
2165 1208 2282 1282 Qui
2313 1225 2517 1268 omnes
2549 1226 2679 1268 eam
2713 1211 2910 1268 osten-

661 1311 815 1371 dunt
860 1310 1028 1371 deam
1075 1310 1498 1392 persuadendi.
1572 1311 1931 1390 Appellatur
1976 1305 2289 1389 θέλκτωρ
2336 1309 2522 1388 Supp.
2558 1315 2749 1388 1050,
2800 1304 2911 1370 do-

663 1407 774 1473 λία
819 1413 924 1475 Oh.
960 1417 1098 1475 722.
1173 1414 1337 1473 Nihil
1377 1415 1429 1474 ei
1472 1415 1680 1491 negari
1724 1419 1937 1491 potest,
1976 1413 2161 1492 Supp.
2196 1417 2384 1484 10503
2432 1414 2622 1474 solum
2662 1415 2907 1475 deorum

667 1505 981 1578 θάνατον
1025 1535 1313 1594 superare
1358 1536 1473 1578 non
1523 1521 1740 1594 potest,
1792 1517 1906 1595 frg.
1942 1522 2081 1578 156.
2169 1518 2509 1593 Invocatur,
2556 1522 2621 1577 ut
2665 1534 2910 1594 persua·

663 1620 862 1680 siones
893 1620 1045 1680 benc
1076 1619 1423 1697 succedant,
1451 1639 1487 1678 a
1511 1621 1785 1680 Minerva
1818 1621 1985 1680 Eum.
2013 1622 2137 1681 886
2178 1625 2238 1678 et
2269 1639 2303 1678 a
2336 1620 2519 1680 choro
2553 1637 2664 1697 pro
2696 1618 2911 1680 Oreste

662 1740 874 1799 preces
929 1722 1186 1782 faciente
1247 1720 1352 1782 Oh.
1396 1725 1544 1799 722,
1601 1723 1953 1798 gratiasque
2010 1722 2063 1782 ei
2118 1722 2243 1798 agit
2302 1720 2569 1781 Minerva
2629 1713 2911 1798 (στέργω

663 1811 925 1903 ὄμματα
970 1819 1266 1894 Πειθοῦς
1310 1804 1480 1900 {ez-2..)
1527 1829 1847 1901 postquam
1890 1824 2034 1884 vicit
2078 1823 2522 1901 persuadendo,
2566 1823 2738 1884 Eum.
2770 1828 2913 1885 971.

835 1935 1091 1991 Aduot.
1129 1941 1179 2003 1)
1234 1936 1533 1991 Harmonia
1569 1952 1903 2006 quamquam
1942 1936 2169 1992 disertis
2198 1935 2383 1992 verbis
2421 1950 2530 1992 non
2558 1935 2765 1991 dicitur
2802 1936 2915 1990 filia.

664 2021 899 2077 Veneris
941 2038 1064 2078 esse
1111 2028 1170 2078 et
1212 2038 1428 2088 comes,
1478 2029 1736 2092 respecto
1786 2030 1970 2078 tamen
2016 2023 2419 2078 sententiarum
2468 2037 2685 2077 conexu
2734 2021 2913 2076 videri

665 2108 746 2162 sic
785 2105 1074 2179 Aeschylo
1112 2124 1273 2164 nemo
1310 2108 1556 2177 negabit.

1539 2280 1642 2347 17.
1703 2284 2033 2347 Μοῦσαι.
2384 2365 2399 2400 t

823 2409 856 2478 ,ξ
883 2413 980 2470 28.
1036 2410 1239 2469 Musae
1267 2408 1414 2468 dcac
1445 2427 1750 2485 nunquam
1780 2407 1940 2484 apud
1969 2407 2332 2484 Aeschylum
2358 2413 2915 2467 commemorantur.

667 2513 944 2590 Namque
978 2530 1130 2571 unus
1162 2511 1328 2572 locus
1377 2513 1475 2572 nbi
1516 2510 1743 2571 tradita
1783 2511 1960 2570 lectio
2006 2513 2096 2570 est
2138 2507 2383 2586 μοῦσαι
2414 2503 2571 2568 θεαί
2602 2494 2680 2582 τ’,
2728 2509 2915 2588 Supp.

672 2621 810 2692 703,
855 2618 1058 2692 aperte
1107 2620 1429 2691 corruptus
1471 2620 1562 2675 est
1605 2619 1664 2674 et
1710 2615 1835 2675 sine
1881 2614 2060 2674 dubio
2108 2618 2271 2674 recte
2316 2614 2401 2673 ita
2446 2614 2796 2675 emendatus
2840 2615 2913 2673 ab

669 2720 1032 2793 Hermanno,
1076 2722 1142 2777 ut
1183 2712 1402 2793 μοῦσα
1445 2736 1581 2778 cum
1627 2716 2063 2793 significatione
2108 2718 2481 2795 appellativa
2526 2710 2791 2777 ‘cantus’
2822 2716 2912 2776 le·

666 2827 859 2897 gatur.
951 2820 1112 2880 ldem
1159 2819 1457 2897 significat
1497 2816 1718 2897 μοῦσα
1765 2820 1932 2879 Eum.
1964 2824 2105 2882 308.

1472 3000 1580 3067 18.
1635 2991 2113 3086 Ἀσκληπιός.

841 3129 876 3197 §⁸
925 3132 1023 3189 29.
1107 3128 1472 3187 Memor-atur
1533 3128 1891 3187 exstinctum
1950 3144 2077 3187 csse
2138 3146 2173 3186 a
2228 3127 2371 3187 Iove
2430 3113 2554 3185 τὸν
2608 3112 2915 3205 ὀρθοδαῆ

545 3248 551 3257 ·
674 3228 810 3290 τῶν
871 3224 1228 3309 φθιμένων
1289 3215 1579 3307 ἀνάγειν,
1637 3229 1797 3307 quod
1860 3229 1933 3289 ad
1993 3230 2414 3306 Aesculapium
2479 3229 2723 3289 fulmine
2783 3247 2915 3307 per-

673 3352 910 3394 cussum
958 3334 1259 3410 pertinere
1304 3340 1574 3410 apertum
1623 3337 1732 3410 est,
1776 3333 1889 3408 Ag.
1924 3336 2084 3394 1007
2108 3332 2220 3408 sq.¹

842 3442 1100 3500 Adnot.
1139 3446 1189 3512 1)
1244 3442 1428 3499 Verba
1476 3457 1588 3496 uon
1637 3443 1856 3513 integra
1906 3449 2067 3510 sunt,
2121 3442 2223 3497 sed
2274 3443 2345 3497 de
2392 3457 2563 3498 sensu
2610 3442 2716 3497 loci
2765 3442 2918 3496 nulla

674 3529 970 3585 dubitatio.

1558 3633 1667 3700 19.
1715 3624 2027 3709 (Ἡλιοςὶ.

852 3760 886 3831 ἓ
939 3763 1036 3821 30.
1127 3758 1310 3819 Filiae
1372 3757 1525 3819 Solis
1583 3747 1868 3829 Ἡλιάδες
1930 3776 2145 3819 nomen
2210 3758 2617 3835 praebuerunt
2675 3757 2918 3817 fabulae

671 3862 1043 3939 Aeschyleae
1074 3860 1244 3923 nobis
1273 3862 1581 3945 perditae.
1635 3862 1818 3922 Cuius
1850 3866 2266 3939 argumentum
2307 3861 2453 3938 quin
2483 3860 2543 3920 in
2576 3860 2920 3921 Phaethon·

674 3967 749 4026 tis
795 3964 1128 4025 temeritate
1183 3964 1470 4042 luctuque
1519 3983 1789 4025 sororum
1838 3968 2139 4025 versatum
2185 3964 2285 4041 sit,
2330 3962 2591 4025 dubitari
2640 3963 2737 4022 vix
2791 3969 2919 4038 pot-

673 4072 782 4129 est.
855 4067 1038 4128 Titul.
1076 4067 1187 4143 frg.
1222 4072 1302 4129 65
1327 4067 1380 4128 b.
1469 4068 1645 4128 Certe
1691 4066 1992 4127 Eridanus
2037 4066 2257 4126 fluvius
2304 4067 2362 4125 in
2409 4065 2523 4127 hac
2570 4064 2775 4125 fabula
2820 4084 2920 4125 ex·

677 4171 901 4247 stabat,
953 4169 1068 4248 frg.
1107 4174 1186 4232 65
1224 4170 1289 4247 b,
1343 4188 1452 4231 nec
1506 4173 1848 4247 repugnant
1902 4170 2135 4247 reliqua
2190 4169 2527 4245 fragmenta
2586 4169 2691 4227 tali
2745 4184 2922 4245 argu-

679 4274 930 4335 mento2.
1017 4273 1168 4334 Filia
1213 4273 1367 4335 Solis
1413 4272 1588 4333 etiam
1637 4272 1811 4332 Luna
1865 4271 1938 4331 ab
1985 4270 2291 4350 Aeschylo
2346 4269 2506 4333 dicta
2552 4288 2684 4333 csse
2737 4269 2921 4334 tradi-

673 4384 790 4456 tur,
836 4377 947 4454 frg.
978 4380 1120 4440 443.
