3409 5200
1446 823 1694 892 VITA.

621 964 1055 1026 Wolframus
1111 967 1550 1028 Maximilianus
1603 968 1902 1029 Henricus
1947 968 2283 1028 Kausche
2336 973 2513 1028 natus
2560 987 2688 1029 sum

452 1069 826 1144 Brunsvigae
871 1087 922 1126 a.
964 1068 1018 1128 d.
1057 1069 1140 1128 IX
1181 1068 1304 1129 Cal.
1336 1069 1663 1130 Novembr.
1701 1088 1751 1128 a.
1795 1071 1853 1129 h.
1883 1087 1927 1128 S.
1968 1070 2177 1146 LXIV,
2223 1075 2392 1147 patre
2432 1069 2690 1147 Georgio

451 1175 806 1247 mercatore,
851 1175 1039 1231 matre
1085 1171 1432 1232 Elisabetha
1475 1191 1509 1231 e
1555 1175 1737 1250 gente
1779 1171 2095 1249 Wolfram,
2140 1191 2293 1250 quos
2340 1174 2693 1252 superstites

449 1292 718 1334 veneror.
779 1273 949 1334 Fidei
996 1273 1275 1334 addictus
1305 1289 1433 1334 sum
1474 1276 1881 1351 evangelicae.
1952 1275 2169 1335 Primis
2210 1276 2541 1336 litterarum
2574 1276 2693 1335 ele-

449 1377 663 1437 mentis
707 1377 971 1437 imbutus
1024 1378 1340 1455 gymnasia
1385 1376 1767 1454 frequentavi
1820 1379 2071 1454 primum
2119 1378 2494 1454 Brunsvigae
2539 1380 2693 1438 Mar-

451 1480 1058 1555 tino·Oatharineum,
1113 1478 1328 1540 deinde
1373 1480 1617 1556 Stetini,
1660 1499 1781 1557 quo
1828 1485 2110 1564 parentes
2154 1482 2267 1540 moi
2314 1482 2692 1557 transmigra-

450 1590 692 1660 verunt,
746 1583 1097 1643 Marianum.
1186 1582 1542 1642 Maturitatis
1596 1581 1995 1648 testimonium
2052 1581 2499 1660 adeptus‘vere
2552 1583 2691 1643 anni

448 1685 506 1745 h.
544 1704 590 1746 s.
631 1686 936 1745 LXXXIII
990 1685 1435 1745 universitatem
1494 1685 1614 1745 adii
1669 1685 2017 1762 Halensem,
2070 1691 2137 1744 ut
2190 1685 2403 1745 studiis
2450 1704 2691 1763 operam

447 1788 648 1848 darem
708 1794 766 1848 et
821 1788 1196 1866 philologieis
1253 1794 1312 1849 et
1365 1788 1677 1848 historicis.
1772 1787 1919 1847 Inde
1974 1792 2281 1848 autumno·
2318 1787 2693 1865 insequentis

447 1893 588 1952 anni
636 1893 978 1951 Berolinum
1021 1910 1114 1951 me
1154 1891 1398 1952 contuli.
1485 1890 1631 1951 Cum
1679 1891 1757 1950 ibi
1806 1879 1914 1966 per
1958 1890 2047 1948 bis
2086 1907 2192 1950 sex
2239 1907 2473 1950 menses
2517 1891 2691 1950 scho-

445 1993 533 2055 las
573 1993 951 2070 audivissem,
993 1995 1183 2054 Halas
1215 1993 1383 2069 redii,
1427 1996 1494 2052 ut
1537 1992 1745 2052 iisdem
1778 1991 1993 2052 studiis
2039 1993 2460 2053 incumberem.
2533 1992 2691 2052 Vere

447 2101 641 2157 autem
705 2098 845 2156 anni
904 2096 1235 2158 LXXXVII
1296 2095 1352 2154 h.
1407 2113 1452 2154 s,
1513 2095 1863 2172 parentibus
1920 2112 2146 2156 morem
2206 2113 2423 2170 gerens
2492 2094 2690 2155 denuo

445 2199 615 2258 Halis
661 2199 932 2276 discessi,
977 2204 1043 2258 ut
1088 2200 1148 2257 in
1195 2197 1439 2274 praedio
1486 2199 1692 2275 aliquo
1738 2216 1958 2275 pueros
2004 2198 2334 2258 litterarum
2383 2198 2691 2258 elementis

445 2303 820 2362 instruerem.
894 2284 1246 2363 Docuerunt
1275 2319 1367 2360 me
1399 2319 1494 2360 vv.
1523 2299 1630 2361 in.:
1677 2301 1960 2378 Aegidi,
2000 2301 2373 2377 Bresslau,
2412 2300 2692 2378 Collitz‚

445 2405 516 2464 E.
559 2405 878 2482 Curtius,
932 2404 1488 2482 Dittenberger,
1543 2403 1610 2464 G.
1659 2407 2015 2482 Droysen,
2069 2404 2456 2480 Dummler‚
2516 2403 2691 2464 Erd-

445 2525 677 2584 mann,
729 2507 1037 2583 Gosche,
1094 2508 1346 2583 Haym,
1398 2507 1828 2584 Hertzbcrg,
1881 2505 2377 2584 Heydemann,
2430 2507 2691 2580 Hiller‚

443 2610 634 2687 Keil,
695 2611 1028 2686 Kiepert,
1095 2609 1346 2671 Alfred
1400 2609 1821 2687 Kirchhoff,
1881 2611 2145 2686 MaasS,
2202 2610 2480 2688 Riehm,
2540 2610 2691 2669 Joh.
2809 2666 2812 2669 .

443 2712 786 2788 Schmidt,
817 2712 1422 2789 Schum,·Strack,
1453 2712 1759 2790 Stumpf,
1791 2713 1872 2772 de
1896 2711 2349 2790 Treitschke,
2382 2712 2692 2790 UphueS‚

445 2816 736 2891 Vahlen,
776 2815 1195 2893 Vaihinger,
1237 2815 1725 2892 wattenbach,
1769 2816 2058 2875 Zacher.
2145 2813 2458 2876 Seminarii
2502 2814 2689 2893 philo-

445 2919 623 2995 logici
673 2919 951 2979 Halensis
1021 2920 1372 2980 docentibus
1433 2918 1704 2993 Kenio,
1761 2919 2069 2992 Hillero‚
2123 2918 2689 2995 Dittenbergero

442 3022 668 3082 sodalis
714 3027 1014 3099 postremo
1045 3022 1126 3081 fui
1174 3022 1533 3100 ordinarius,
1577 3041 1710 3081 cum
1756 3026 1894 3081 ante
1940 3022 2452 3082 extraordinarius
2484 3022 2687 3082 iisdem

442 3131 502 3185 et
534 3126 942 3203 proseminarii
974 3125 1501 3186 exercitationibus
1547 3120 1964 3189 interfuissem.
2052 3126 2375 3186 Praeterea
2415 3130 2480 3185 ut
2508 3126 2688 3185 inter-

442 3246 630 3288 essem
694 3228 1253 3304 exercitationibus,
1309 3246 1459 3305 quas
1519 3228 1940 3303 instituerunt,
1998 3228 2297 3288 historicis
2352 3230 2691 3289 Watten-

442 3330 652 3407 bach,
697 3331 1091 3406 Dummler,
1137 3332 1499 3408 Droysen,
1552 3330 1928 3407 philologieis
1977 3331 2237 3409 Maass,
2288 3330 2689 3407 epigraphicis

442 3432 712 3494 Collitz
751 3433 1008 3510 benigne
1042 3434 1458 3509 permiserunt.
1533 3432 1895 3493 Societatum
1929 3431 2191 3509 denique
2222 3451 2464 3492 suarum
2496 3433 2685 3511 philo‘·

443 3536 771 3614 logicarum
832 3536 1056 3595 aditum
1121 3535 1414 3595 benevole
1477 3535 1614 3595 mihi
1676 3534 1973 3595 dederunt
2026 3536 2306 3595 Keilius
2358 3542 2417 3595 et
2467 3535 2688 3603 Hille-

441 3657 575 3699 rus
663 3639 773 3699 His
817 3638 958 3698 viris
1005 3637 1277 3697 omnibus
1331 3638 1432 3712 qui
1489 3656 1580 3696 me
1625 3636 1988 3714 docuerunt,
2048 3637 2296 3697 maxime
2340 3637 2580 3697 Keilio
2628 3642 2689 3697 et

438 3741 719 3801 Hillero
783 3742 1003 3818 optime
1067 3740 1139 3799 de
1202 3758 1294 3799 me
1357 3740 1612 3817 meritis,
1682 3740 1910 3817 gratias
1972 3758 2086 3816 ago
2158 3758 2338 3818 quam
2403 3741 2685 3800 maximas

445 3860 799 3920 semperque
848 3841 1093 3903 habebo.
1914 3848 1919 3852 ’

1360 4054 1769 4076 ῳ
