3409 5200
2680 377 2759 436 23

678 548 974 608 Veneris
1019 550 1312 624 natura,
1367 563 1633 622 moreS,
1679 545 1808 604 vis.
1896 545 2146 606 Omnem
2192 563 2453 606 amorem
2512 563 2583 604 ac
2628 563 2763 625 pro-

509 652 870 712 creationem
903 669 965 710 ·a
1009 668 1076 709 se
1132 648 1432 725 proficisci
1489 649 1619 725 ipsa
1677 646 1753 708 de
1799 665 1863 708 se
1919 647 2227 725 praedicat
2282 648 2397 726 frg.
2427 647 2563 720 41⁴3
2625 667 2761 708 con·

505 753 804 831 iugiorum
852 752 1126 812 effectrix
1171 756 1264 812 est
1308 754 1492 830 Supp.
1527 755 1711 826 1043,
1755 749 1925 811 Eum.
1959 753 2081 812 215
2129 736 2324 823 (ὅθεν
2356 781 2439 790 ·-
2468 768 2553 811 sc.
2584 769 2619 810 a
2650 752 2763 810 Ve-

508 873 655 917 nere
700 885 783 896 —-
828 851 1134 931 βροτοῖσι
1190 848 1484 931 γίγνεται
1534 843 1620 910 τὰ
1665 846 2000 927 φίλτατα).
2090 853 2325 912 Dicitur
2379 838 2763 932 αἰολόμητις

507 959 694 1036 Supp.
741 961 923 1035 1047,
986 957 1255 1034 potentia
1314 974 1521 1016 omnes
1582 959 1824 1032 praeter
1884 956 2085 1014 Iovem
2148 958 2209 1015 et
2266 956 2555 1016 Iunonem
2618 954 2765 1015 deos

507 1064 756 1138 superat
811 1060 998 1136 Supp.
1036 1063 1218 1120 1046.
1307 1057 1858 1120 comitantur-eam
1917 1057 2087 1118 liberi
2134 1047 2369 1128 Πόθος
2423 1062 2484 1118 et
2527 1046 2764 1116 Πειθώ

509 1163 698 1242 Supp.
735 1166 917 1226 1050.
1004 1161 1409 1240 Appellative,
1451 1165 1517 1220 ut
1561 1161 1645 1219 ita
1691 1159 1904 1236 dicam,
1950 1178 2061 1238 pro
2098 1165 2416 1221 venustate
2464 1161 2560 1220 vel
2604 1179 2763 1220 amo·

507 1267 588 1326 ris
621 1265 928 1342 voluptate
972 1267 1103 1342 ipsa
1135 1264 1250 1324 dea
1289 1264 1482 1341 posita
1513 1267 1606 1324 est
1647 1261 1831 1341 Supp.
1861 1266 2044 1338 1012,
2074 1264 2187 1340 Ag.
2212 1264 2357 1339 428,
2395 1264 2591 1323 Prom.
2623 1268 2763 1324 677.

422 1385 429 1392 ·
509 1369 706 1428 Etiam
764 1368 956 1428 Prom.
1002 1371 1128 1429 890
1181 1350 1446 1440 »τοιάδ’
1478 1349 1582 1424 ἐπ’
1613 1354 1903 1443 ἐχθροὺς
1947 1350 2109 1435 τοὺς
2153 1353 2349 1442 ἐμοὺς
2394 1354 2587 1424 ἔλθοι
2634 1351 2765 1424 Κύ-

427 1469 430 1474 ’
506 1486 662 1549 ποις
703 1470 807 1544 (sc.
842 1471 1036 1548 qualis
1064 1466 1454 1549 Aegyptiis)“
1498 1467 1937 1546 quodammodo
1968 1468 2331 1545 appellative
2362 1467 2587 1528 dictum
2618 1475 2709 1530 est
2724 1469 2766 1526 ⁵.

685 1592 774 1650 De
819 1591 1052 1650 sacris
1092 1589 1348 1650 Veneris
1395 1590 1579 1649 locis
1634 1594 1873 1665 praeter
1919 1589 2159 1648 nomina
2213 1607 2368 1666 quae
2422 1589 2535 1647 iam
2582 1605 2766 1665 supra

509 1696 968 1753 commemoravi
1018 1681 1276 1769 Κύπρις
1322 1696 1382 1752 et
1429 1684 1760 1768 Κυθέρεια
1816 1691 1930 1751 hoe
1976 1709 2157 1754 unum
2206 1692 2557 1769 invenimus,
2601 1690 2763 1769 quod

507 1803 671 1856 terra
715 1795 1009 1873 quaedam
1058 1796 1134 1855 ab
1181 1797 1248 1854 lo
1294 1798 1618 1872 peragrata
1656 1782 2046 1874 Ἀφροδίτης
2083 1782 2479 1870 πολύπυρος
2523 1782 2635 1852 αἶα
2680 1793 2765 1853 di·

508 1900 691 1977 citur,
746 1918 924 1977 quam
985 1902 1203 1959 terram
1263 1903 1454 1974 recte,
1508 1903 1574 1958 ut
1613 1897 1871 1975 videtur,
1934 1897 2289 1958 scholiastes
2332 1897 2767 1975 interpretatur

510 2002 917 2063 Phoenicium.

677 2129 938 2187 Adnot.
969 2133 1022 2196 1)
1075 2131 1157 2186 Cf.
1195 2131 1484 2198 Klausen.,
1522 2130 1688 2186 theol.
1729 2147 1779 2200 p.
1808 2137 1872 2185 90
1892 2146 1977 2200 sq.

679 2221 738 2286 2)
789 2216 874 2272 Cf.
909 2219 942 2288 ξ
981 2224 1043 2272 27
1082 2235 1126 2272 c.
1160 2219 1286 2272 adn.
1319 2223 1362 2272 1.

677 2308 736 2371 3)
787 2304 906 2359 Hoc
940 2305 1012 2358 ad
1050 2303 1405 2358 Harmoniam
1453 2303 1648 2359 Martis
1684 2310 1743 2358 et
1777 2303 2014 2358 Veneris
2056 2303 2251 2373 filiam,
2290 2304 2485 2360 Cadmi
2521 2320 2765 2369 uxorem,

506 2395 698 2458 aperte
735 2387 1088 2461 referendum
1126 2394 1229 2455 est,
1267 2394 1330 2442 ut
1365 2388 1473 2442 iam
1511 2387 1843 2442 scholiastes
1880 2389 2117 2445 notavit.

679 2477 732 2540 4)
787 2475 952 2530 Patet
987 2489 1055 2528 ex
1082 2474 1186 2528 hoc
1212 2471 1526 2543 fragmento
1562 2473 1741 2542 ipsam
1770 2471 2042 2530 Venerem
2080 2473 2141 2528 in
2167 2489 2389 2529 scenam
2413 2477 2762 2544 processisse

505 2561 565 2616 in
601 2557 1019 2615 ‘Danaidibus'.
1094 2557 1180 2616 Cf.
1217 2561 1248 2630 ξ
1291 2562 1403 2613 172.
2434 2561 2439 2571 “

679 2650 732 2711 5)
789 2646 999 2713 „Deum
1024 2644 1290 2701 Amorem
1327 2646 1478 2714 apud
1507 2645 1855 2716 Aeschylum
1895 2662 2006 2700 non
2044 2646 2387 2701 invenimus:
2425 2646 2536 2702 imo
2568 2649 2767 2717 omnia,

506 2731 714 2800 quibus
749 2731 908 2800 fungi
945 2730 1146 2800 possit,
1181 2731 1254 2785 ad
1280 2729 1553 2787 Venerem
1589 2730 1943 2785 referuntur“
1984 2726 2358 2800 KLAUSEN,
2395 2732 2492 2799 1.,1.
2531 2748 2583 2802 p.
2611 2739 2694 2789 91.

1409 2955 1478 3019 9·
1529 2943 1858 3038 ‘Eorum

680 3098 715 3168 ἓ
752 3101 845 3159 19.
907 3099 1198 3158 Parentes
1231 3098 1512 3158 Mercurii
1558 3101 1700 3157 sunt
1745 3099 1973 3177 Iupiter
2016 3100 2213 3159 Prom.
2244 3104 2387 3177 979,
2423 3105 2604 3177 1001,
2646 3101 2761 3179 frg.

511 3204 630 3262 387
682 3204 742 3259 et
786 3200 944 3260 Maia
989 3199 1104 3277 frg.
1137 3203 1278 3270 387,
1339 3199 1412 3259 cf.
1457 3200 1561 3260 Oh.
1594 3203 1737 3261 809.
1825 3201 2095 3260 Fratrem
2139 3202 2356 3279 Apollo
2405 3221 2538 3263 eum
2587 3208 2762 3263 vocat

512 3304 680 3364 Eum.
721 3306 819 3364 89.
911 3291 1270 3379 Πρόγονον
1331 3302 1591 3379 denique
1655 3320 1792 3361 eum
1853 3303 2163 3380 appellant
2217 3302 2485 3364 Arcades
2544 3298 2763 3381 (γένος

509 3396 572 3463 οἱ
617 3399 772 3483 περὶ
820 3396 1081 3481 λίμναν,
1127 3422 1208 3463 sc.
1240 3397 1714 3482 Στυμφαλὶδα)
1761 3404 1873 3480 frg.
1906 3404 2075 3465 2712.

677 3524 982 3599 Natura,
1023 3523 1165 3600 vis,
1210 3539 1459 3583 mores.
1550 3524 1770 3583 Munus
1817 3525 2115 3584 Mercurio
2161 3523 2364 3584 datum
2408 3529 2498 3584 est
2542 3544 2578 3583 a
2620 3526 2763 3586 Iove

506 3610 676 3703 patre
734 3624 1003 3685 homines
1060 3625 1407 3703 comitandi,
1464 3625 1831 3703 deducendi,
1885 3625 2279 3687 custodiendi.
2367 3627 2540 3687 Unde
2592 3644 2762 3707 πομ-

507 3734 707 3799 παῖος
739 3746 1072 3804 cognomen
1105 3728 1157 3787 ei
1183 3732 1288 3787 est.
1333 3728 1500 3788 Eum.
1532 3732 1614 3789 90
1635 3746 1723 3807 sq.
1784 3730 1913 3788 Illic
1943 3728 2261 3789 mandatur
2291 3730 2363 3807 ei,
2394 3734 2460 3789 ut
2490 3728 2763 3791 Orestem

509 3832 842 3891 comitetur.
929 3829 1238 3891 Eiusmodi
1286 3832 1465 3891 etiam
1521 3832 1579 3891 in
1624 3824 2020 3909 ‘Phrygibus’
2067 3838 2271 3908 partes
2317 3834 2444 3893 eius
2500 3833 2765 3911 fuerunt,

507 3951 588 3993 sc.
633 3933 852 3999 Priami
900 3931 1254 4010 deducendi,
1301 3939 1367 3993 ut
1409 3934 1552 3993 mihi
1585 3935 1825 4012 quidem
1858 3934 2098 3996 videtur
2114 3932 2157 4013 3,
2202 3937 2261 3994 in
2311 3937 2480 3997 cuius
2522 3936 2762 3997 fabulae

505 4038 757 4113 prologo
819 4035 880 4095 in
935 4054 1172 4096 scenam
1229 4037 1522 4113 prodiisse
1584 4038 1845 4098 traditur
1904 4038 2015 4115 frg.
2064 4040 2207 4099 254.
2308 4038 2406 4098 Sic
2461 4040 2761 4099 Mercurio

505 4137 810 4216 tribuitur,
853 4138 1018 4215 quod
1063 4137 1385 4199 bellatores
1416 4137 1534 4199 duo
1575 4139 1728 4199 alter
1760 4140 1933 4199 alteri
1973 4144 2380 4217 opponuntur,
2426 4139 2585 4218 Sept.
2618 4144 2761 4203 495.

509 4241 910 4301 Certaminum
953 4259 1195 4319 quoque
1240 4259 1485 4319 praeses
1531 4231 1945 4319 ίέναγώνιοᾷ
1992 4243 2068 4302 ab
2098 4243 2400 4319 Aeschylo
2447 4243 2641 4305 dictus
2670 4250 2760 4305 cst

507 4342 620 4420 frg.
659 4346 801 4405 387.
888 4341 1166 4403 Similiter
1207 4336 1518 4421 μέγιστον
1547 4333 1905 4422 πρόξενον,
1951 4345 2404 4422 peregrinorum
2437 4351 2756 4422 patronum
