3409 5200
2649 411 2725 469 19

641 574 700 638 5)
749 560 1079 624 Ἀπόλλων’
1116 571 1446 626 undevicies
1488 569 1803 638 invenitur·
1838 587 1891 624 v.
1916 567 2104 636 Dind„
2140 568 2244 624 lex.
2272 563 2544 640 Aeschyl.

645 658 698 724 6)
753 655 954 726 Spuria
991 661 1079 711 est
1113 656 1321 712 tradita
1355 673 1467 712 vox
1509 657 1725 734 Φοῖβος
1762 655 1859 710 Ch.
1896 659 1987 722 32,
2024 655 2119 709 ubi
2156 650 2341 726 φόβος
2375 656 2550 710 latere
2586 655 2727 710 Hea-

470 741 603 801 thio
624 747 682 796 et
711 741 914 795 Weilio
950 744 1240 796 assentior.
1306 740 1391 797 Cf.
1432 741 1531 797 Ch.
1557 745 1674 796 928.

648 829 700 890 7)
755 827 1028 880 Remanet
1064 825 1277 894 aliquid
1305 813 1690 893 dubitationis,
1728 841 1859 878 num
1896 831 2047 880 recte
2084 824 2174 879 hic
2210 825 2727 894 PaeanemApolli-

471 927 592 967 nem
628 912 968 980 interpreter
1003 910 1506 980 Schneidewinum,
1541 911 1834 978 Hensium,
1871 911 2171 979 Engerum,
2207 910 2559 964 Dindorfium
2594 911 2727 976 (lex.

471 996 684 1052 Aesch.
723 1012 765 1051 s.
796 1002 873 1061 v.)
910 1001 1158 1052 secutus.
1220 997 1572 1052 Hermannus
1600 1002 1824 1052 censet:
1862 1011 1974 1050 non
1998 994 2323 1064 Apollinem
2360 996 2431 1049 ad
2467 1002 2727 1051 averten-

472 1083 598 1138 dam
631 1082 846 1136 Dianae
878 1083 1012 1136 iram
1050 1083 1299 1138 invocari
1336 1098 1370 1136 a
1394 1082 1719 1148 Calchante,
1760 1082 1862 1136 sed
1898 1083 2191 1149 Paeanem,
2228 1082 2324 1149 qui
2361 1081 2619 1150 quisquis
2654 1083 2731 1138 sit

473 1183 585 1222 non
632 1167 706 1221 sit
747 1164 922 1222 frater
956 1166 1186 1222 Dianae.
1258 1167 1346 1223 Me
1394 1167 1656 1236 maxime,
1705 1173 1771 1222 ut
1807 1167 1919 1221 illis
1956 1165 2258 1232 assentiar,
2308 1173 2537 1221 movent
2583 1182 2727 1236 quae

471 1253 752 1308 Prellerus
778 1253 1014 1322 exponit
1049 1251 1244 1324 (myth.
1273 1252 1406 1321 (ἂι-,2,
1441 1253 1551 1309 vol.
1579 1253 1606 1308 1
1642 1271 1696 1323 p.
1728 1258 1823 1307 188
1861 1258 1918 1307 et
1944 1256 2063 1317 212,
2100 1251 2212 1306 ed.4
2236 1251 2468 1307 Robert.
2507 1269 2561 1321 p.
2588 1256 2729 1319 277).

474 1336 946 1394 Of.Dindo1-fium
981 1341 1040 1392 in
1076 1338 1344 1407 Stephani
1382 1340 1646 1394 thesauro
1682 1354 1726 1394 s.
1753 1356 1805 1393 v.

647 1427 701 1488 8)
755 1425 918 1490 Quod
955 1422 1359 1478 Eratosthenes
1403 1428 1599 1478 catast.
1635 1441 1681 1478 c.
1720 1429 1786 1479 24
1832 1421 1963 1492 (frg.
1978 1428 2062 1476 20
2098 1423 2296 1489 Dind.)
2342 1387 2559 1492 profert
2604 1423 2729 1478 ι-01

473 1508 678 1579 pheum
717 1509 1038 1578 Apollinem
1065 1515 1122 1564 et
1146 1508 1326 1564 Solem
1367 1510 1606 1564 eundem
1640 1510 1897 1578 putasse'
1936 1525 2085 1578 num,
2122 1509 2269 1564 sicut
2305 1523 2449 1578 quae
2484 1523 2726 1578 sequun-

473 1600 594 1662 tur,
648 1609 718 1649 ex
762 1591 1054 1664 Aeschylo
1108 1593 1366 1649 haustum
1417 1594 1520 1663 sit,
1566 1591 1732 1649 valde
1781 1593 1992 1649 dubito,
2074 1593 2183 1649 Sed
2239 1594 2592 1649 memorabile
2640 1601 2730 1649 est

481 1679 700 1749 Φοῖβον
734 1679 1028 1732 Persarum
1066 1679 1227 1732 deum
1266 1677 1568 1747 significari
1605 1679 1757 1732 Pers,
1785 1683 1899 1732 209.
1961 1674 2045 1732 Of.
2084 1680 2117 1742 S
2155 1683 2219 1731 30
2256 1677 2381 1732 adn.
2407 1681 2454 1730 4.

647 1767 704 1828 9)
757 1763 902 1828 Quid
948 1778 1079 1817 vero
1128 1761 1353 1834 proprie
1402 1762 1506 1816 hoc
1549 1761 1843 1831 epitheton
1893 1761 2202 1830 significet,
2250 1762 2567 1816 discernere
2615 1777 2727 1815 11011

475 1849 673 1902 audeo.
745 1846 830 1902 cf.
868 1847 1180 1915 Hermann,
1216 1863 1348 1916 opp.
1371 1847 1481 1901 VII
1517 1863 1644 1917 pag.
1672 1851 1787 1903 293.
1862 1846 2229 1902 Scholiastam
2264 1847 2728 1916 interpretantem
2774 1913 2777 1916 ἢ

480 1929 542 1989 ἐν
579 1919 796 2006 εβδόμῃ
833 1932 1138 2003 γεννηθείς
1175 1940 1232 1988 et
1269 1928 1484 2004 ἕβδόμῃ
1521 1928 1634 2004 γὰρ
1673 1928 1959 2002 ἐγεννήθη
1979 1925 2293 1995 -Απόλλων,
2329 1933 2483 2001 quod
2522 1934 2733 2002 recepit

477 2019 820 2074 Klausenius
856 2020 915 2089 (Ι.
942 2020 975 2073 l.
1002 2037 1056 2089 p.
1087 2023 1223 2086 123),
1262 2012 1657 2090 ἓβδομαγὲνην
1681 2019 1891 2088 legisse
1928 2009 2169 2074 fortasse
2195 2023 2343 2072 recte
2368 2011 2729 2074 Blom'fieldus

478 2105 813 2174 suspicatur.

619 2193 705 2255 10)
760 2187 1060 2258 Ampliora
1103 2191 1173 2244 de
1223 2189 1324 2243 hac
1358 2189 1551 2244 fabula
1601 2189 1830 2243 uberius
1876 2188 1945 2242 ab
1984 2186 2272 2258 Aeschylo
2319 2193 2558 2242 tractata
2601 2189 2732 2243 vide

476 2276 508 2346 ξ
549 2279 661 2331 113.

619 2363 708 2430 11)
759 2357 846 2414 At
882 2359 992 2430 Ag.
1019 2367 1082 2415 55
1121 2360 1191 2414 ab
1230 2362 1354 2430 ipso
1389 2357 1660 2429 Apolline
1696 2359 1867 2414 Furia
1901 2359 2159 2415 mittitur.
2217 2357 2301 2415 Cf.
2328 2363 2361 2424 s
2396 2364 2457 2413 63
2496 2359 2627 2414 adn.
2655 2364 2732 2412 13.

620 2447 705 2516 12)
759 2445 906 2500 vide
942 2447 1152 2516 ξς·134,
1195 2451 1306 2501 142.

599 2536 708 2601 13)
759 2530 842 2587 ef.
879 2535 909 2598 ξ
949 2538 1061 2587 116.

620 2625 705 2684 14)
761 2621 808 2671 Ε
846 2620 1127 2688 corruptis
1165 2620 1317 2689 apud
1355 2619 1691 2673 Macrobium
1734 2618 1933 2673 litteris
1970 2618 2129 2685 (vide
2167 2616 2254 2671 ed.
2285 2616 2734 2694 Eyssenhardtii)

480 2704 816 2758 KABAIOC
856 2704 974 2772 (P),
1013 2705 1208 2759 BAKC
1224 2707 1341 2759 10(
1387 2704 1489 2775 (B)
1539 2704 1890 2759 Hermannus
1930 2704 2215 2771 Βακχεῖος
2264 2702 2513 2757 restituit
2550 2717 2735 2756 veram

479 2792 600 2846 s'ine
637 2790 812 2845 dubio
848 2790 1161 2845 lectionem.

1199 3105 1204 3109 1
1341 3016 1408 3081 6.
1471 3006 1870 3100 Ἄρτεμιςέ.

652 3141 686 3211 §
725 3146 817 3202 16.
879 3142 1026 3219 Filia
1056 3141 1216 3201 Iovis
1251 3142 1444 3201 Diana
1475 3140 1849 3219 significatur
1892 3140 2074 3217 Supp.
2114 3139 2277 3201 1512.
2352 3140 2546 3200 Etiam
2580 3160 2735 3218 quae

484 3262 604 3303 una
658 3263 790 3304 cum
849 3244 1130 3321 Apolline
1188 3246 1501 3319 invocatur
1545 3237 1965 3321 ,Λατογένεια
2022 3232 2237 3321 κούρα
2294 3243 2454 3319 Sept.
2500 3247 2619 3304 133
2676 3247 2737 3303 et

483 3364 642 3423 quae
677 3345 895 3405 dicitur
924 3335 1172 3425 Λητῴα
1201 3330 1372 3425 κόρη
1419 3345 1528 3423 frg.
1568 3350 1709 3425 169,
1758 3349 1964 3422 aperte
2010 3346 2206 3404 Diana
2251 3348 2357 3405 est.
2445 3345 2735 3422 Quocum,

482 3447 644 3525 quod
707 3447 1090 3507 memorabile
1153 3452 1273 3525 est,
1340 3448 1710 3525 aliquantum
1770 3447 2108 3525 discrepat,
2167 3446 2330 3523 quod
2390 3445 2736 3507 Herodotus

482 3550 684 3629 tradit,
731 3550 968 3611 Cereris
998 3550 1175 3610 filiam
1210 3550 1463 3610 Dianam
1494 3532 1568 3610 ah
1601 3551 1904 3628 Aeschylo
1943 3549 2140 3609 fictam
2171 3567 2323 3627 esse,
2368 3549 2481 3625 frg.
2512 3554 2636 3611 436
2657 3550 2737 3610 a3.

655 3656 743 3713 De
775 3654 1007 3713 Dianae
1039 3658 1305 3712 natura
1335 3657 1397 3713 et
1428 3654 1757 3714 moribus
1803 3653 1953 3714 haec
1984 3654 2319 3712 invenimus
2358 3634 2739 3730 iuAeschyli

482 3755 768 3831 reliquiis.
865 3738 1055 3832 Ἀγνά
1112 3754 1330 3815 dicitur
1381 3755 1779 3833 Supp.15o4,
1827 3759 2011 3833 1041,
2054 3756 2164 3832 Ag.
2202 3757 2339 3816 140.
2432 3756 2511 3815 Ut
2567 3758 2738 3816 easti-

483 3860 664 3917 tatem
710 3857 1023 3935 defendat,
1079 3858 1435 3936 imploratur
1491 3859 1676 3938 Supp.
1712 3863 1832 3922 153
1854 3877 1961 3936 sq„
2008 3861 2189 3919 1041.
2277 3860 2491 3918 Partus
2537 3862 2740 3920 tuetur

485 3964 544 4018 et
606 3959 913 4019 mulierum
981 3959 1167 4037 Supp.
1217 3963 1340 4021 684
1410 3965 1469 4019 et
1543 3961 1867 4022 bestiarum
1930 3961 2044 4039 Ag.
2092 3964 2214 4021 140
2252 3979 2341 4037 sq.
2447 3950 2739 4021 Ferarum

485 4060 697 4120 catulis
757 4061 996 4122 omnino
1034 4056 1220 4121 'favet
1278 4062 1390 4137 Ag.
1443 4066 1561 4123 146
1602 4081 1690 4140 sq.
1788 4049 2033 4122 Ἑκάτα
2096 4062 2406 4139 epitheton
2467 4064 2597 4123 eius
2650 4069 2743 4124 est

490 4163 672 4239 Supp.
704 4164 881 4224 684⁵.
955 4148 1377 4242 Ἀστερωπὸν
1423 4151 1600 4243 ὄμμα
1639 4154 1921 4245 Λητῴας
1964 4154 2169 4243 κόρας
2214 4164 2289 4225 de
2334 4165 2479 4225 luna
2524 4166 2742 4226 dicitur

484 4263 598 4342 srg.
634 4269 772 4327 169.

655 4369 746 4426 De
793 4367 997 4427 cultu
1037 4351 1280 4427 'Dianae
1338 4368 1488 4428 haec
1535 4370 1946 4429 tantummodo
2002 4368 2313 4429 afferenda
2358 4374 2525 4445 sunt,
2575 4386 2740 4447 προ-

2375 4478 2433 4531 2·
