3409 5200
733 439 773 494 4

732 599 1127 682 ‘tragicorum
1192 599 1592 683 mythologia'
1657 609 2149 683 componeretur,
2216 606 2503 666 Lehrsius
2568 625 2658 667 me
2723 605 2984 668 docuit2.

733 709 810 768 Et
854 712 1056 768 notum
1091 714 1184 768 est
1227 710 1303 768 ab
1335 709 1574 785 Heynio
1616 727 1746 768 esse
1778 710 2161 785 postulatum,
2206 715 2273 768 ut
2318 709 2684 787 singularum
2718 714 2978 771 aetatum

733 811 1225 888 singulorumque
1283 814 1639 888 scriptorum
1698 812 2223 889 mythologumena
2278 812 2650 874 ederentur3.
2748 816 2981 892 Repeti-

735 921 956 976 verunt
997 916 1110 975 hoc
1142 914 1518 991 Welckerus,
1547 915 2067 992 Friedlaenderus,
2104 916 2225 994 alii,
2269 921 2509 993 praeter
2541 921 2775 978 ceteros
2806 918 2875 978 L.
2906 918 2981 978 de

734 1018 935 1096 Sybel,
980 1018 1081 1094 qui
1128 1019 1254 1094 ipsc
1300 1011 1854 1095 ‘mythologumena
1898 1017 2127 1078 Iliadis’
2177 1019 2565 1096 composuit4.

904 1119 1205 1194 Quantum
1255 1121 1529 1181 utilitatis
1585 1139 1802 1198 capere
1857 1122 2047 1198 possit
2099 1122 2148 1182 is
2205 1123 2306 1199 qui
2356 1121 2431 1182 de
2476 1115 2743 1183 fontibus
2798 1125 2980 1200 atque

733 1222 1113 1283 incrementis
1143 1224 1331 1301 mythi
1362 1224 1619 1284 alicuius
1650 1225 1933 1302 anquirit,
1972 1243 2047 1284 ex
2078 1224 2299 1284 talibus
2324 1225 2697 1302 singulorum
2731 1226 2980 1302 scripto·

733 1344 862 1385 rum
911 1325 1471 1404 mythologumenis,
1514 1329 1565 1387 si
1614 1333 1673 1388 et
1718 1329 1863 1388 satis
1896 1331 2176 1388 accurate
2224 1329 2554 1403 composita
2600 1331 2739 1388 sunt
2784 1333 2845 1388 et
2888 1347 2981 1388 sa·

733 1431 805 1488 tis
849 1429 1022 1489 facile
1078 1431 1339 1506 perspici
1382 1434 1662 1506 possunt,
1718 1430 2009 1490 neminem
2066 1430 2276 1507 fugiat.
2365 1431 2565 1504 Quare
2611 1431 2981 1519 confidenter

732 1531 847 1590 hoc
893 1533 1155 1591 muneris
1209 1532 1268 1591 in
1317 1532 1618 1609 Aeschylo
1676 1533 1983 1608 suscipere
2036 1532 2288 1591 institui.
2373 1533 2593 1592 Notum
2644 1538 2735 1592 est
2788 1534 2981 1592 simile

735 1651 886 1712 opus
945 1636 1058 1694 iam
1121 1638 1262 1696 ante
1323 1635 1430 1694 hos
1489 1636 1805 1710 sexaginta
1864 1653 2054 1694 annos
2115 1635 2339 1694 editum
2395 1653 2527 1696 esse
2581 1655 2618 1696 a
2670 1637 2980 1696 Klauseno

735 1730 1243 1814 (‘theologumena
1289 1730 1729 1812 Aeschylea')⁵.
1815 1738 2029 1814 Neque
2074 1756 2220 1798 vero
2277 1739 2591 1815 quisquam
2637 1740 2833 1816 illum,
2880 1740 2982 1815 qui

735 1841 893 1898 ultra
939 1858 1040 1900 eas
1100 1858 1254 1915 quae
1309 1839 1387 1898 ad
1435 1838 1579 1899 deos
1626 1843 1903 1916 spectant
1947 1840 2230 1916 Aeschyli
2290 1841 2604 1918 opiniones
2667 1860 2786 1900 non
2843 1860 2980 1918 pro-

732 1960 974 2017 gressus
1019 1947 1126 2018 est,
1171 1934 1234 2001 id
1278 1941 1439 2019 quod
1488 1941 1628 2002 mihi
1675 1943 2047 2018 propositum
2096 1947 2216 2018 est,
2261 1943 2375 2002 iam
2423 1944 2793 2019 praestitisse
2840 1963 2978 2003 con-

733 2044 959 2104 tendat.
1045 2045 1140 2104 Ne
1186 2045 1271 2104 eis
1319 2043 1586 2120 quidem,
1632 2062 1787 2120 quae
1832 2042 1908 2102 ad
1956 2043 2101 2104 deos
2146 2049 2446 2122 spectant,
2501 2048 2751 2122 propter
2796 2045 2981 2104 Klau-

732 2147 962 2206 senium
1010 2147 1406 2223 supersedere
1453 2148 1648 2224 potui,
1711 2165 1850 2206 cum
1891 2150 1950 2206 et
1994 2147 2141 2206 alias
2188 2147 2289 2206 ille
2336 2148 2396 2206 in
2443 2147 2859 2224 componendo
2906 2167 2977 2208 eo

733 2249 930 2309 libello
995 2249 1254 2309 rationes
1320 2253 1566 2335 secutus
1627 2250 1704 2308 sit
1770 2253 1830 2308 et
1897 2267 1967 2309 ex
2038 2250 2139 2309 illo
2205 2254 2472 2326 tempore
2544 2251 2604 2309 in
2674 2249 2785 2309 hac
2852 2251 2981 2327 ipsa

731 2354 1058 2412 litterarum
1119 2357 1287 2427 parte
1349 2353 1601 2414 maxime
1657 2351 1989 2429 Welckeri,
2048 2353 2123 2412 K.
2164 2350 2232 2412 Ο.
2274 2353 2571 2430 Muelleri,
2634 2354 2981 2430 Hermanni,

732 2456 1047 2532 Nitzsciiii,
1090 2454 1504 2531 Schoemanni‚
1551 2455 1764 2531 Weilii,
1818 2454 2055 2529 Keckii,
2102 2453 2476 2532 Weckleinii,
2527 2455 2980 2532 Wilamowitzii,

731 2559 975 2619 Roberti
1024 2559 1307 2636 operibus
1353 2558 1612 2636 plurima
1659 2557 1871 2617 melius
1919 2560 1979 2618 et
2024 2559 2363 2618 accuratius
2410 2558 2721 2635 explorata
2760 2560 2891 2620 sint.

902 2662 1112 2721 Restat
1173 2667 1238 2720 ut
1291 2648 1370 2720 ¹de
1426 2662 1658 2720 ratione
1714 2678 1811 2739 ea,
1874 2679 1991 2737 qua
2050 2662 2271 2737 optime
2330 2662 2639 2737 proposito
2695 2680 2825 2722 meo
2888 2680 2978 2721 me

731 2762 1176 2823 satisfacturum
1233 2781 1362 2823 esse
1418 2764 1728 2839 putabam,
1782 2781 1977 2839 pauca
2022 2763 2232 2823 dicam.
2318 2752 2704 2841 Summopei·e
2757 2762 2981 2841 studui,

735 2874 800 2927 ut
845 2886 1024 2944 quam
1074 2866 1422 2926 brevissime
1474 2866 1948 2942 uniuscuiusque
1995 2866 2185 2941 mythi
2231 2867 2477 2926 materia
2522 2872 2981 2945 componeretur

733 2988 843 3029 nec
887 2972 1085 3029 tamen
1145 2988 1216 3029 ea
1271 2968 1508 3028 dicendi
1568 2968 1787 3044 forma,
1851 2987 2006 3044 quae
2066 2967 2240 3028 facile
2303 2969 2421 3046 legi
2482 2970 2698 3047 possit,
2762 2972 2981 3031 careat.

729 3073 978 3131 Praeter
1034 3058 1237 3132 cetera
1291 3075 1486 3130 autem
1549 3071 1818 3148 spectavi
1880 3070 2381 3147 perspicuitatem.
2479 3072 2611 3131 Hac
2666 3071 2741 3131 de
2796 3090 2979 3132 causa

733 3194 849 3235 non
897 3192 1092 3251 pauca
1150 3174 1237 3233 bis
1281 3174 1378 3233 vel
1423 3177 1516 3233 ter
1570 3173 1821 3232 diversis
1876 3173 2019 3233 locis
2074 3174 2273 3251 attuli,
2328 3192 2403 3233 ne
2462 3193 2582 3233 uno
2636 3176 2735 3235 vel
2789 3175 2978 3235 altero

731 3278 858 3337 loco
921 3277 1309 3353 perspicuitas
1379 3275 1551 3335 nimis
1616 3275 2091 3352 perturbaretur.
2195 3278 2443 3336 Praeter
2507 3278 2635 3355 ipsa
2696 3278 2978 3355 Aeschyli

731 3380 914 3440 verba
961 3380 1304 3457 saepissime
1349 3377 1765 3455 respiciendae
1811 3378 1951 3437 mihi
1996 3382 2166 3438 erant
2210 3384 2606 3457 posterorum,
2652 3381 2979 3457 praecipue

731 3488 969 3542 nostrae
1010 3483 1239 3558 aetatis,
1285 3483 1551 3543 virorum
1597 3481 1905 3541 doctorum
1954 3483 2303 3542 sententiae.
2385 3483 2677 3559 Imprimis
2719 3484 2777 3542 in
2812 3482 2979 3542 fabu-

728 3587 802 3645 lis
836 3584 1163 3662 deperditis
1206 3584 1321 3645 hoc
1353 3583 1554 3643 facere
1587 3584 1892 3644 debebam.
1979 3585 2109 3643 Hac
2152 3590 2350 3644 autem
2400 3586 2458 3643 in
2505 3604 2571 3644 re
2619 3586 2791 3645 venia
2836 3585 2977 3645 mihi

731 3690 988 3767 petenda
1034 3693 1150 3765 est,
1193 3689 1242 3748 si
1287 3689 1419 3749 aliis
1467 3688 1640 3747 nimis
1687 3706 1722 3747 a
1768 3688 2079 3765 proposito
2127 3687 2439 3747 aberrasse
2487 3687 2974 3765 adnotationibus

731 3792 1132 3871 longioribus,
1194 3792 1326 3851 aliis
1387 3791 1483 3849 hic
1539 3791 1636 3849 vel
1690 3790 1810 3849 illic
1870 3788 2275 3850 difficultatem
2338 3790 2596 3867 aliquam
2661 3810 2778 3851 non
2836 3792 2979 3851 satis

729 3901 1012 3975 accurate
1057 3899 1118 3954 et-
1161 3912 1356 3970 usque
1387 3892 1463 3953 ad
1494 3893 1713 3953 iustum
1748 3891 1921 3951 finem
1966 3897 2321 3969 persecutus
2354 3910 2486 3953 esse
2517 3893 2743 3953 videar.
2830 3894 2976 3955 Cum

731 3997 1145 4058 difficillimum
1193 3996 1287 4073 sit,
1331 3998 1442 4055 hac
1473 3997 1532 4056 in
1562 3994 1631 4055 're
1676 3997 1894 4055 iustum
1931 3996 2254 4056 observare
2298 3995 2531 4056 modum
2574 4027 2657 4035 —
2696 3998 2976 4075 quoniam

727 4101 1031 4179 longiores
1076 4100 1512 4177 disputationes
1558 4098 1632 4158 de
1666 4098 1917 4175 singulis
1948 4098 2401 4175 quaestionibus
2448 4117 2567 4158 non
2612 4101 2790 4175 aptae
2837 4102 2979 4159 sunt

729 4203 905 4263 huius
963 4204 1238 4280 opusculi
1295 4203 1640 4279 proposito,
1701 4202 1924 4260 multae
1984 4206 2178 4260 autem
2246 4199 2629 4287 difficultates
2688 4201 2975 4263 eiusmodi

728 4312 884 4385 sunt,
929 4312 996 4367 ut
1039 4308 1088 4367 is
1135 4307 1235 4383 qui
1282 4305 1910 4381 inmythologumena
1942 4304 2276 4381 Aeschylea
2322 4305 2585 4381 inquirat
2630 4306 2852 4365 certior
2898 4305 2973 4365 de

728 4411 812 4469 eis
857 4410 982 4470 fieri
1030 4409 1245 4470 debeat
1289 4439 1389 4487 -—-,
1445 4407 1619 4469 facile
1665 4406 1793 4467 fieri
1840 4408 2064 4484 potuit,
2118 4413 2184 4467 ut
2230 4426 2349 4467 non
2396 4408 2593 4467 omnia
2638 4407 3006 4467 huiusmodi·
