3409 5200
2698 419 2735 477 5

485 583 719 660 pariter
751 587 1089 644 tractarem.
1177 583 1417 649 Eisdem
1451 583 1527 644 de
1559 585 1758 644 causis
1798 585 2094 646 interdum
2140 589 2385 651 coactus
2416 603 2565 662 sum,
2608 604 2737 646 sen·

495 687 737 746 tentiam
786 685 860 745 de
908 685 1261 746 difficultate
1305 687 1510 763 aliqua
1559 707 1747 748 meam
1794 687 2059 766 profiteri
2107 689 2322 747 omissa
2366 689 2737 748 accuratiore

493 789 1026 864 argumentatione.
1115 789 1392 865 Denique
1452 788 1654 849 facere
1716 808 1833 849 non
1893 791 2089 866 potui,
2150 793 2215 849 ut
2270 808 2528 866 omnem,
2585 808 2739 866 quae
2828 841 2833 844 .

493 888 672 950 hodie
704 894 916 968 exstat,
963 890 1174 951 molem
1221 890 1504 950 librorum
1553 896 1612 951 et
1658 891 2016 969 libellorum,
2062 893 2631 952 commentationum
2679 898 2739 952 et

495 995 1250 1066 commentatiuncularum,
1296 1012 1451 1071 quae
1498 994 1570 1056 de
1618 995 1926 1073 Aeschylo
1973 996 2349 1072 conscriptae
2396 1000 2561 1072 sunt,
2604 1014 2737 1072 per·

494 1096 830 1173 lustrarem,
874 1115 1232 1175 quamquam
1281 1099 1506 1175 optima
1551 1101 1612 1158 et
1654 1099 2008 1176 gravissima
2052 1117 2329 1175 quaeque
2376 1115 2739 1175 cognoscere

494 1198 715 1260 studui.
801 1198 863 1258 si
911 1200 1022 1258 hac
1068 1201 1128 1258 in
1174 1218 1242 1259 re
1287 1199 1588 1260 interdum
1646 1201 1858 1260 melius
1904 1200 2133 1277 aliquid
2191 1200 2587 1278 neglexerim,
2641 1199 2739 1260 de-

471 1302 680 1362 terius
726 1303 1123 1379 respexerim,
1181 1303 1227 1362 si
1274 1301 1533 1379 denique
1591 1305 1648 1361 in
1696 1304 1843 1380 ipsis
1890 1303 2429 1382 mythologumenis
2473 1303 2739 1380 Aeschy-

494 1405 604 1464 leis
647 1405 1043 1482 congerendis
1101 1404 1328 1481 aliquid
1376 1405 1667 1466 omiserim
1728 1407 1824 1465 vel
1883 1407 2237 1484 erraverim,
2295 1412 2432 1485 peto
2487 1411 2553 1466 ut
2597 1406 2739 1466 mihi

491 1507 842 1584 ignoscatur
897 1512 982 1584 et,
1035 1509 1082 1566 si
1129 1509 1368 1569 omnino
1423 1507 1650 1584 aliquid
1697 1509 1968 1568 utilitatis
2024 1509 2310 1588 opusculo
2356 1528 2486 1569 meo
2544 1510 2739 1570 inesse

496 1610 889 1686 concedetur,
947 1612 1170 1686 gratias
1218 1629 1396 1688 quam
1443 1612 1727 1672 maximas
1782 1611 1867 1671 eis
1912 1631 2113 1688 agam,
2159 1613 2260 1688 qui
2306 1611 2738 1672 benevolenter

493 1712 571 1772 ad
630 1713 771 1772 vitia
829 1714 1087 1772 animum
1146 1731 1337 1773 meum
1401 1713 1773 1774 adverterint
1833 1718 2016 1790 atque
2075 1713 2590 1776 adulescentulum
2648 1733 2739 1773 me

497 1815 742 1875 meliora
787 1815 1098 1875 docuerint
1141 1817 1236 1876 vel
1281 1815 1730 1877 emendationes
1778 1816 1915 1876 mihi
1963 1815 2497 1893 suppeditaverint.

664 1919 735 1977 In
803 1917 1176 1995 disponenda
1244 1920 1490 1978 materia
1561 1921 1813 1978 maxime
1885 1918 2214 1979 Prellerum
2287 1923 2528 1978 secutus
2594 1937 2741 1998 sum,

495 2021 664 2084 cuius
721 2015 1156 2099 ‘mythologiae
1219 2020 1506 2082 Graecae'
1570 2021 2021 2100 dispositionem
2087 2028 2246 2082 certe
2309 2023 2738 2100 perspicuitate

495 2124 710 2184 ceteris
771 2124 956 2184 multo
1017 2125 1372 2185 antecellere
1435 2126 1574 2185 mihi
1636 2143 1988 2201 persuasum
2048 2129 2151 2186 est.
2252 2125 2622 2201 Quamquam
2677 2125 2736 2184 in

495 2229 674 2287 rebus
734 2227 1017 2305 singulis,
1085 2232 1144 2287 nt
1205 2229 1452 2288 materia
1513 2246 1645 2288 mea
1704 2227 2080 2306 postulabat,
2140 2228 2340 2288 multis
2396 2229 2471 2287 ab
2518 2247 2588 2288 eo
2648 2247 2739 2288 me

494 2331 838 2391 discessisse
915 2335 1380 2392 consentaneum
1449 2330 1593 2391 est⁶.
1710 2333 1779 2391 In
1855 2329 2178 2391 afferendis
2254 2331 2512 2408 denique
2592 2332 2740 2391 locis

494 2434 849 2511 Aeschyleis
893 2452 1038 2494 usus
1082 2451 1211 2494 sum
1254 2433 1611 2500 Weckleinii
1657 2433 1954 2494 editione⁷
2001 2435 2060 2494 in
2103 2433 2429 2512 tragoediis
2468 2435 2741 2511 servatis,

496 2535 828 2598 Dindorfii8
873 2538 930 2598 in
979 2537 1422 2616 deperditarum
1469 2537 1836 2615 fragmentis.

663 2668 914 2723 Adnot.
943 2671 996 2733 1)
1047 2669 1117 2722 K.
1143 2668 1204 2723 Ο.
1231 2668 1443 2734 Miiller,
1486 2668 1793 2736 Prolegom.
1832 2682 1903 2721 zu
1944 2667 2098 2721 einer
2135 2666 2282 2722 wiss.
2322 2665 2513 2735 Myth„
2556 2684 2611 2737 p.
2646 2672 2741 2734 903

496 2754 772 2821 Welcker,
809 2754 916 2809 Die
941 2752 1148 2823 griech.
1173 2754 1358 2821 Trag.,
1394 2770 1450 2821 p.
1482 2758 1500 2805 1
1527 2768 1628 2822 sq.;
1664 2751 1909 2821 Dronke,
1947 2751 2181 2807 Jahrbb.
2206 2750 2244 2807 f.
2272 2752 2412 2806 Phil.
2440 2750 2521 2805 IV
2546 2750 2739 2821 Suppl.

492 2844 690 2909 (1861),
727 2857 779 2910 p.
811 2845 871 2893 19
892 2854 973 2909 sq.
1010 2838 1105 2905 (cf.
1132 2842 1332 2914 p.-54);
1369 2837 1616 2907 Nitzsch,
1643 2838 1983 2908 Sagenpoes.
2006 2838 2057 2893 d.
2080 2838 2193 2904 Gr„
2220 2854 2273 2907 p.
2294 2842 2391 2893 461
2417 2855 2500 2907 sq.
2536 2843 2743 2907 (praec.

493 2942 547 2995 p.
586 2931 684 2981 539
711 2929 842 2993 sq.);
895 2924 1241 2994 Bernhardy,
1289 2922 1385 2977 Gr.
1428 2924 1586 2977 Litt.³
1621 2923 1692 2991 11,
1732 2928 1762 2976 2
1812 2939 1978 2993 pagg.
2017 2926 2097 2990 21,
2135 2927 2218 2990 24,
2260 2928 2355 2977 164
2382 2938 2484 2992 sq.,
2527 2928 2615 2977 181
2641 2939 2742 2991 sq.,

495 3016 592 3066 202
621 3028 720 3081 sq.,
758 3015 858 3065 244
883 3025 982 3079 sq.,
1030 3009 1238 3079 Bergk,
1275 3010 1369 3064 Gr.
1395 3009 1529 3064 Litt.
1553 3008 1638 3063 ΙΙΙ
1670 3026 1725 3077 p.
1753 3014 1845 3063 341
1871 3024 1973 3079 sq.,
2023 3010 2253 3077 Robert,
2287 3008 2416 3063 Bild
2441 3008 2557 3063 und
2583 3008 2743 3076 Lied,

494 3114 549 3167 p.
577 3102 657 3167 273
704 3096 1202 3162 Preller-Robert,
1239 3096 1333 3150 Gr.
1368 3093 1564 3165 Myth.⁴
1601 3094 1627 3147 I
1663 3112 1717 3163 p.
1748 3100 1807 3149 17
1820 3116 1834 3164 3
1888 3094 2203 3163 Gampbell‚
2250 3093 2347 3149 the
2382 3091 2743 3165 Aeschylean

495 3188 794 3249 treatment
837 3183 900 3236 of
931 3180 1087 3253 myth
1121 3182 1232 3235 and
1271 3181 1476 3251 legend
1509 3183 1569 3248 (a
1605 3180 1805 3237 sketch
1840 3180 1898 3234 in
1936 3180 2203 3249 outline),
2248 3180 2483 3236 Journal
2521 3178 2585 3234 of
2615 3179 2741 3234 hell.

495 3269 643 3324 stud.
671 3268 752 3321 VI
788 3287 841 3338 p.
872 3272 967 3322 153
988 3283 1090 3337 sq.,
1125 3272 1257 3323 cett.

667 3358 722 3421 2)
776 3352 970 3422 Lehrs,
1006 3354 1196 3423 popul.
1223 3352 1500 3408 Aufsiitze
1537 3370 1591 3423 p.
1618 3358 1663 3407 8.

665 3444 720 3507 3)
771 3440 987 3509 Heyne,
1023 3438 1109 3493 ed.
1137 3438 1467 3506 Apollodor.
1506 3436 1680 3507 praef.
1719 3454 1771 3506 p.
1803 3444 1882 3491 19.

666 3530 724 3594 4)
769 3524 1051 3591 Welcker,
1087 3524 1180 3579 Gr.
1217 3523 1585 3592 Gotterlehre,
1623 3523 1825 3592 praefi,
1880 3522 2260 3589 Friedliinder,
2294 3522 2429 3577 Jbb.
2472 3521 2509 3577 f.
2547 3521 2743 3576 Philol.

499 3618 625 3667 1873
663 3629 718 3680 p.
745 3615 870 3680 3123
918 3613 980 3665 L.
1011 3626 1061 3664 v.
1087 3609 1278 3678 Sybel,
1315 3610 1657 3679 mythologie
1695 3610 1793 3663 der
1829 3608 1977 3677 Ilias,
2018 3625 2073 3675 p.
2099 3613 2163 3662 55
2185 3623 2287 3677 sq.,
2325 3624 2377 3676 p.
2410 3612 2521 3661 100.

665 3701 719 3760 5)
772 3697 1037 3764 Klansen,
1075 3695 1509 3763 theologumena
1543 3692 1883 3763 Aeschylea‚
1923 3700 2069 3749 1829.

665 3787 723 3847 6)
770 3783 994 3837 Minime
1018 3780 1150 3836 mihi
1171 3781 1361 3849 placet
1384 3780 1598 3850 Sybelii
1623 3778 2023 3851 ‘mythologiae
2044 3779 2265 3833 Iliadis‘
2293 3778 2608 3849 dispositiO,
2633 3795 2745 3847 qua

496 3884 891 3937 nonnunquam
930 3882 1011 3936 ea,
1049 3882 1192 3936 quae
1229 3881 1411 3921 rerum
1450 3881 1666 3921 conexu
1703 3866 1850 3920 inter
1876 3881 1937 3920 se
1973 3865 2289 3933 cohaerent,
2327 3864 2741 3933 disiunguntur.

668 3959 728 4023 7)
776 3951 1048 4024 Aeschyli
1085 3952 1307 4008 fabulae
1352 3967 1476 4006 cum
1514 3950 1848 4006 lectionibus
1891 3955 1949 4005 et
1986 3949 2212 4005 scholiis
2261 3950 2472 4005 codicis
2511 3950 2742 4005 Medicei

496 4045 618 4106 cet„
655 4040 742 4093 ed.
772 4039 838 4095 N.
862 4038 1194 4105 Wecklein„
1231 4038 1413 4091 Berol.
1444 4042 1591 4092 1885.

669 4128 725 4191 8)
774 4125 1067 4178 Poetarum
1103 4123 1448 4177 scenicorum
1486 4121 1849 4190 Graecorum,
1885 4120 2187 4191 Aeschyli,
2224 4120 2545 4189 Sophoclis,
2580 4121 2743 4173 Euri-

497 4210 646 4281 pidis
682 4216 739 4264 et
772 4207 1162 4277 Aristophanis
1209 4208 1430 4263 fabulae
1467 4208 1803 4277 superstites
1849 4214 1907 4263 et
1940 4208 2281 4277 perditarum
2322 4208 2633 4277 fragmenta
2674 4221 2743 4263 ex

495 4312 601 4352 rec.
638 4294 786 4351 Guil.
810 4294 1102 4362 Dindorfii,
1139 4294 1226 4349 ed.
1252 4295 1468 4363 quinta,
1504 4293 1661 4363 LipS.
1691 4298 1840 4348 1869.
