3409 5200
1653 1305 1928 1402 Caput
1980 1305 2038 1378 Ι.

1423 1459 1812 1540 Deorum
1876 1453 2269 1540 fabulae.

1669 1611 1730 1678 l.
1777 1607 2020 1688 Ζεύςῖ.

898 1741 933 1812 ἓ
979 1748 1028 1802 1.
1280 1739 1341 1814 a)
1405 1742 1627 1818 Origo
1683 1745 1903 1817 atque
1957 1742 2423 1800 incrementa.

897 1864 1098 1922 lovem
1142 1852 1413 1939 Κρόνου
1459 1861 1640 1921 filium
1688 1879 1819 1921 esse
1864 1863 2361 1922 commemoratur
2408 1862 2606 1920 Prom.
2647 1864 2789 1937 201,
2835 1864 2977 1937 600,

728 1969 884 2038 942;
941 1965 1110 2024 Eum.
1153 1968 1306 2035 644;
1363 1964 1476 2040 frg.
1512 1967 1629 2024 193
1678 1962 1757 2037 (v.
1801 1960 1882 2030 5).
1981 1965 2172 2024 Mater
2226 1963 2385 2022 Iovis
2438 1954 2538 2040 Γῆ
2600 1961 2806 2040 Suppl.
2852 1965 2973 2023 903

729 2067 1069 2145 appellatur
1083 2066 1124 2125 2.

897 2171 1101 2229 Iovem
1151 2188 1269 2228 non
1302 2187 1536 2246 semper
1568 2185 1880 2245 regnasse,
1926 2167 2031 2226 sed
2078 2168 2135 2226 vi
2182 2172 2241 2227 et
2286 2167 2441 2226 bello
2487 2171 2772 2243 superato
2804 2169 2977 2244 patre

727 2272 984 2331 Saturno
1030 2271 1344 2348 imperium
1393 2287 1722 2346 occupasse
1769 2270 2091 2329 identidem
2140 2269 2300 2346 apud
2334 2269 2694 2346 Aeschylum
2744 2270 2977 2345 legitur.

726 2373 970 2450 Spectat
1029 2392 1105 2434 ex
1150 2376 1322 2450 parte
1377 2373 1496 2432 huc
1552 2370 1887 2432 Promethei
1944 2371 2181 2432 fabulae
2236 2375 2683 2449 argumentum,
2743 2373 2801 2431 in
2858 2389 2979 2448 qua

615 2489 618 2494 ·
727 2477 954 2553 Iupiter
1016 2476 1153 2536 novi
1209 2476 1546 2551 regnatoris
1599 2478 1802 2551 partes
1860 2476 1998 2552 agit.
2088 2473 2177 2534 Of.
2218 2493 2314 2533 vv.
2357 2479 2454 2551 35,
2504 2479 2602 2550 95,
2653 2477 2792 2551 156,
2837 2478 2979 2552 326,

730 2582 872 2657 405,
919 2582 1062 2641 992.
1149 2578 1272 2638 Iam
1307 2579 1460 2639 duos
1507 2581 1646 2637 ante
1681 2573 1881 2637 lovem
1931 2578 2239 2654 imperium
2272 2578 2535 2637 tenuisse
2581 2577 2693 2655 Ag.
2731 2581 2851 2638 178
2873 2595 2979 2654 sq.,

726 2683 923 2742 Prom.
965 2684 1087 2742 989
1144 2680 1376 2740 dicitur.
1465 2680 1768 2739 Narratur
1827 2677 1903 2738 de
1957 2680 2116 2737 Iovis
2178 2684 2236 2738 et
2282 2680 2519 2739 Saturni
2566 2679 2722 2740 bello
2782 2680 2979 2739 Prom.

729 2788 850 2845 215
882 2802 992 2860 sq.:
1049 2783 1396 2843 seditionem
1456 2788 1644 2841 ortam
1705 2799 1836 2841 esse
1893 2782 2047 2840 inter
2102 2780 2248 2841 deos
2306 2782 2435 2840 aliis
2494 2800 2625 2841 cum
2683 2781 2828 2842 Iove
2881 2783 2979 2843 Sa-

730 2888 892 2946 turni
937 2886 1252 2963 imperium
1299 2889 1569 2945 evertere
1613 2883 1974 2959 volentibus,
2020 2884 2149 2942 aliis
2196 2882 2721 2959 defendentibus33
2767 2884 2980 2944 vicisse

729 2991 968 3050 tandem
1015 2991 1218 3050 Iovem
1277 2989 1538 3050 consiliis
1596 3006 1765 3048 usum
1821 2987 2160 3047 Promethei
2218 2988 2322 3064 qui
2371 2987 2621 3047 desertis
2664 2988 2982 3048 Titanibus

730 3094 806 3152 ad
853 3112 986 3152 eum
1033 3091 1460 3170 profugissem,
1504 3093 1700 3152 Prom.
1742 3094 1883 3167 235,
1929 3094 2069 3151 320.
2156 3091 2361 3149 Victos
2408 3096 2605 3149 autem
2660 3092 2980 3151 Saturnum

729 3196 938 3269 (filium
985 3198 1396 3256 exsecrantem
1446 3196 1638 3253 Prom.
1677 3191 1827 3266 942)
1874 3193 2125 3269 eiusque
2174 3193 2368 3253 socios
2412 3193 2470 3251 in
2518 3195 2835 3254 Tartarum
2883 3194 2980 3254 de-

728 3300 914 3359 iectos
962 3299 1023 3358 in
1056 3297 1327 3358 custodia
1367 3300 1533 3356 tenet
1576 3298 1774 3356 Prom.
1810 3300 1951 3374 235,
2000 3300 2145 3366 1603
2191 3296 2362 3355 Eum.
2395 3300 2517 3356 644
2534 3296 2572 3353 5.
2661 3298 2983 3373 Imperium

731 3406 944 3459 nactus
990 3399 1118 3459 deis
1149 3400 1324 3459 sociis
1368 3401 1699 3475 potestates
1740 3402 1801 3457 et
1844 3398 2105 3457 honores
2144 3396 2449 3457 distribuit
2492 3398 2687 3458 Prom.
2722 3402 2864 3476 245,
2910 3398 2983 3458 cf.

732 3504 902 3563 Eum.
945 3507 1043 3563 92.
1133 3502 1409 3562 Ceterum
1468 3518 1690 3561 novum
1748 3504 1966 3559 statum
2024 3517 2223 3559 rerum
2287 3517 2597 3576 novasque
2652 3501 2816 3578 leges
2874 3519 2983 3561 suo

730 3604 975 3663 arbitrio
1022 3601 1244 3677 (Prom.
1280 3604 1417 3678 158,
1465 3606 1608 3678 202,
1653 3606 1798 3678 419,
1843 3598 1991 3672 939)
2038 3600 2265 3660 edictas
2312 3602 2651 3661 saevissime
2694 3602 2985 3663 defendit.

731 3707 937 3766 Talem
985 3723 1118 3765 eum
1166 3723 1274 3781 per
1315 3707 1497 3764 totam
1535 3703 1797 3763 fabulam
1830 3696 2219 3763 ‘Promethei’
2264 3704 2599 3779 Aeschylus
2645 3706 2813 3765 nobis
2851 3724 2983 3782 pro·

729 3810 919 3886 ponit.
994 3806 1080 3868 cf.
1119 3811 1358 3883 praeter
1404 3810 1636 3866 ceteros
1683 3825 1778 3865 vv.
1812 3802 1892 3867 34
1912 3823 2019 3884 sq.,
2060 3810 2203 3883 202,
2253 3810 2395 3885 340,
2435 3810 2558 3867 418
2580 3825 2686 3885 sq.,
2730 3813 2847 3869 172
2868 3808 2987 3885 sq.6

901 3909 1172 3970 Rebellat
1213 3912 1420 3969 contra
1450 3909 1611 3969 Iovis
1641 3909 1955 3986 imperium
1996 3910 2327 3987 Typhoeus
2372 3912 2565 3970 Prom.
2600 3914 2722 3971 373
2740 3908 2781 3971 ⁷.
2866 3910 2984 3972 Sed

731 4014 906 4073 facile
952 4032 1084 4072 eum
1131 4014 1360 4091 Iupiter
1406 4012 1606 4073 domat
1649 4014 1995 4089 percutiens
2042 4012 2289 4073 fulmine
2335 4018 2515 4090 atque
2548 4014 2742 4073 Aetna
2786 4019 2983 4075 monte

734 4116 1068 4193 superiecto
1117 4120 1376 4187 coercet3
1423 4116 1618 4175 Prom.
1653 4120 1775 4177 367
1800 4134 1909 4193 sq.,
1954 4116 2118 4193 Sept.
2150 4119 2293 4195 500,
2335 4121 2477 4178 504.

902 4217 1140 4279 Deinde
1199 4219 1326 4279 Iovi
1386 4219 1688 4279 hominum
1750 4237 1943 4295 genus
2003 4224 2350 4280 recreaturo
2407 4220 2628 4293 (Prom.
2674 4218 2823 4294 248)
2884 4220 2985 4280 ad-

736 4322 1036 4383 versarius
1099 4321 1300 4382 existit
1362 4321 1803 4382 Prometheus8
1869 4340 2210 4399 vanumque
2270 4322 2471 4383 reddit
2533 4323 2593 4383 id
2654 4324 2985 4387 consilium»
