3409 5200
709 372 783 428 12

705 537 901 586 censet
937 532 1282 604 Aeschylum
1319 549 1432 587 non
1471 535 1735 602 paulatim
1781 535 1880 589 sed
1918 535 2065 590 ‘sine
2102 535 2299 590 dubio’
2338 552 2451 590 uno
2486 542 2632 601 actu,
2670 538 2786 592 scil.
2812 537 2951 593 The·

705 615 870 670 midis
916 617 1204 686 coniugio,
1251 617 1392 673 hanc
1438 618 1590 673 Iovis
1639 620 2005 674 mutationem
2054 620 2305 674 effectam
2352 637 2475 676 csse
2522 628 2771 690 putasse.
2840 625 2956 678 Nec

711 716 843 756 vero
880 705 992 758 ullo
1028 705 1153 758 loco
1190 705 1294 758 hoc
1333 705 1632 772 significari
1675 707 1745 760 ab
1781 703 2073 776 Aeschylo
2115 707 2419 762 tenendum
2456 713 2545 761 est
2590 723 2775 776 neque
2812 723 2955 778 quae

705 787 868 843 affert
903 796 1233 858 argumenta
1268 789 1521 846 Keckius
1558 791 1663 846 hoc
1700 792 2011 847 necessarie
2049 792 2429 848 demonstrare
2466 808 2681 849 censeO.

911 876 966 946 7)
1021 874 1109 932 cf.
1143 876 1174 945 ἓ
1214 881 1294 931 76.

912 964 967 1028 8)
1021 960 1104 1016 cf.
1140 962 1172 1032 ξ
1211 966 1296 1016 81.

917 1049 973 1112 9)
1022 1046 1167 1102 Vide
1203 1048 1234 1117 ξ
1272 1053 1352 1102 84.

884 1135 970 1198 10)
1021 1130 1107 1188 Cf.
1143 1132 1268 1186 adn.
1307 1137 1384 1186 14.

881 1221 968 1284 11)
1022 1218 1212 1273 Multis
1249 1219 1389 1273 locis
1425 1234 1601 1288 paene
1639 1235 1741 1288 pro
1775 1221 1900 1289 ipso
1933 1218 2049 1274 fato
2085 1219 2243 1276 Iovis
2268 1239 2464 1278 nomen
2506 1225 2754 1293 ponitur.
2814 1225 2958 1281 Vide

707 1306 896 1359 adnot.
926 1309 1003 1358 14.
2548 1303 2553 1308 ’

887 1392 973 1456 12)
1026 1388 1111 1445 cf.
1148 1390 1180 1460 ς’
1217 1394 1300 1444 96.

882 1479 968 1539 13)
1015 1473 1163 1530 Vide
1199 1474 1385 1529 adnot.
1413 1481 1460 1528 6.

886 1562 973 1623 14)
1024 1560 1231 1614 Fusius
1281 1567 1338 1615 et
1390 1560 1711 1615 accuratius
1767 1561 2157 1616 disseruerunt
2208 1563 2279 1618 de
2326 1563 2541 1618 ratione
2598 1580 2741 1633 quae
2792 1564 2961 1620 inter-

709 1644 875 1699 cedat
896 1645 1041 1700 inter
1059 1647 1250 1701 Iovem
1277 1653 1334 1700 et
1351 1646 1552 1700 fatum:
1591 1646 2025 1714 Schoemannus,
2051 1647 2138 1702 ed.
2164 1649 2343 1704 Prom.
2368 1666 2420 1719 p.
2449 1655 2542 1704 108
2558 1666 2659 1720 sq.;
2695 1650 2962 1720 Keckius,

711 1733 744 1785 l.
771 1733 804 1785 l.
830 1749 884 1800 p.
915 1737 972 1785 13
994 1747 1095 1800 sq.;
1141 1731 1474 1801 Herwigius‚
1512 1733 1614 1786 das
1648 1731 2155 1801 ethisch-religiiise
2194 1734 2546 1790 Fundament
2581 1737 2679 1790 der
2714 1736 2963 1807 aeschyl.

709 1817 1039 1887 Tragoedie,
1074 1817 1236 1886 Prog.
1266 1817 1558 1873 Constant.
1598 1823 1744 1885 1878,
1783 1834 1836 1886 p.
1868 1822 1944 1872 18.
2017 1816 2101 1873 Cf.
2140 1820 2306 1874 etiam
2344 1821 2721 1888 Welckerum,
2758 1822 2869 1877 tril.
2906 1840 2960 1892 p.

715 1908 811 1956 100
857 1905 926 1972 (c.
961 1902 1086 1958 adn.
1116 1907 1261 1972 120);
1310 1903 1704 1970 Klausenium,
1743 1902 1908 1959 theol.
1937 1902 2143 1959 Aescb.
2180 1922 2235 1974 p.
2262 1909 2326 1959 39
2348 1921 2453 1976 sq.;
2499 1905 2832 1976 Dronkium,
2869 1907 2903 1963 l.
2928 1908 2961 1963 l.

710 2005 764 2057 p.
791 1995 943 2058 9sq.;
978 1995 1084 2044 cet.

888 2079 976 2143 15)
1028 2073 1114 2132 Cf.
1153 2076 1304 2146 Sept.
1331 2080 1428 2130 518
1465 2073 1564 2150 βίᾳ
1600 2071 1749 2140 Διός.

889 2166 974 2226 16)
1027 2161 1452 2217 Observandum
1489 2160 1655 2216 etiam
1692 2165 1783 2216 est
1825 2161 2010 2230 ipsum
2047 2161 2236 2216 Iovem
2281 2167 2562 2217 auctorem
2600 2162 2964 2231 principalem

712 2247 823 2301 dici
861 2247 928 2302 ab
965 2244 1257 2316 Aeschylo
1293 2246 1542 2301 vaticinii
1577 2245 1731 2301 illius
1770 2263 1881 2316 quo
1918 2246 2225 2316 imperatur
2262 2247 2473 2315 Oresti,
2511 2253 2574 2301 ut
2608 2253 2835 2303 matrem
2875 2265 2966 2303 oc-

712 2334 878 2389 cidat.
943 2332 1086 2388 Vide
1124 2338 1156 2400 5
1194 2337 1305 2389 108.

890 2422 976 2484 17)
1029 2418 1150 2473 Hoc
1192 2419 1374 2488 ipsum
1414 2413 1793 2490 ἀλεξητήριος
1839 2417 1993 2474 Iovis
2042 2417 2353 2487 epitheton,
2401 2419 2459 2472 ni
2507 2417 2697 2486 fallor,
2746 2426 2968 2489 praeter

711 2505 860 2559 huuc
908 2503 1182 2574 Aeschyli
1230 2505 1411 2560 locum
1460 2520 1745 2573 nunquam
1796 2504 2091 2559 invenitur.
2176 2503 2286 2559 Sed
2334 2504 2498 2558 simili
2546 2503 2797 2575 epitheto
2844 2520 2966 2559 eum

709 2591 998 2661 appellant
1033 2587 1216 2647 Attici
1255 2606 1418 2647 senes
1455 2590 1608 2660 apud
1643 2589 1972 2660 Sophoclem
2010 2590 2169 2657 (Oed.
2198 2589 2314 2645 Col.
2345 2593 2467 2653 143)
2508 2593 2619 2646 Ζεῦ
2659 2582 2959 2662 ἄλεξῆτορ.

709 2678 817 2733 Vel
854 2677 956 2732 hac
995 2678 1065 2732 de
1103 2692 1273 2732 causa
1307 2692 1420 2730 non
1460 2691 1593 2731 vera
1629 2677 1867 2731 scientia
1902 2676 2019 2745 niti,
2058 2676 2159 2731 sed
2196 2682 2400 2731 temere
2439 2677 2691 2732 conicere
2727 2677 2970 2732 arbitror

711 2763 1063 2819 scholiastam
1100 2761 1373 2833 Aeschyli
1420 2762 1778 2817 adnotantem
1828 2757 2212 2833 Ἀλεξητήριος
2252 2756 2507 2832 Ζεὺςξν
2550 2758 2763 2833 θὴβαις
2810 2766 2967 2831 τιμᾶ-

711 2869 820 2905 ται.
894 2851 1016 2915 Quo
1064 2850 1308 2918 accedit,
1358 2848 1508 2918 quod
1546 2841 1920 2919 ἀλεξητήριος
1956 2848 2342 2903 ‘averruncus’
2400 2848 2626 2902 minime
2680 2849 2790 2903 tale
2838 2846 2969 2902 mihi

709 2935 1000 3006 epitheton
1040 2935 1264 2990 videtur
1299 2949 1453 3002 esse,
1502 2934 1688 3002 qualia
1724 2935 1782 2988 in
1822 2933 2061 3003 singulis
2098 2932 2267 2988 certis
2304 2932 2539 2988 urbibus
2578 2934 2805 2989 deorum
2844 2950 2965 3002 pro-

717 3022 840 3091 pria
876 3037 1002 3077 esse
1040 3020 1313 3076 solebant.

888 3109 975 3173 18)
1027 3107 1178 3161 Haec
1212 3104 1448 3161 Medicei
1489 3106 1657 3159 lectio
1694 3110 1798 3161 est.
1871 3106 2024 3170 Quae
2061 3121 2172 3160 vox
2220 3120 2345 3159 cum
2392 3104 2530 3159 alias
2578 3120 2690 3159 non
2726 3104 2965 3174 reperia-

715 3199 818 3260 tur,
856 3192 1098 3247 offendit
1132 3190 1432 3245 nonnullos
1458 3190 1611 3245 viros
1645 3190 1843 3246 doctos
1880 3196 1939 3245 et
1975 3195 2345 3259 reposuerunt
2382 3185 2568 3243 ixtt'ov
2605 3206 2706 3259 pro
2744 3186 2967 3244 ἱκταίου

714 3277 1059 3345 Dindorfius,
1096 3277 1461 3343 Hermannus,
1499 3275 1889 3331 Oberdickius.
1958 3275 2242 3330 Traditam
2281 3289 2415 3329 vero
2459 3272 2687 3330 formam
2741 3274 2975 3330 retinuit

719 3364 1121 3431 Weckleinius,
1157 3377 1482 3431 comparans
1521 3354 1798 3417 εὐκταίαν
1834 3360 1989 3431 Sept.
2016 3367 2132 3416 710.

893 3454 978 3515 19)
1034 3451 1377 3518 Quamquam
1416 3448 1519 3502 hoc
1559 3449 1680 3503 loco
1717 3453 1887 3517 poeta
1923 3448 2171 3513 dubitat,
2223 3452 2408 3502 utrum
2444 3446 2502 3499 in
2540 3446 2728 3501 Iovem
2763 3462 2833 3500 an
2873 3446 2974 3500 Pa-

715 3551 842 3590 nem
880 3551 951 3590 an
991 3533 1316 3604 Apollinem
1353 3531 1460 3588 hoc
1497 3531 1900 3589 conferendum
1939 3532 2029 3588 sit.

894 3624 983 3688 20)
1036 3619 1230 3691 Suppl.
1257 3623 1355 3673 903
1394 3619 1562 3674 lectio
1597 3618 1817 3675 incerta
1854 3610 1900 3672 ὦ
1937 3622 2030 3690 βᾶ.

890 3709 981 3772 21)
1037 3702 1124 3761 Of.
1153 3704 1281 3758 adn.
1309 3710 1357 3759 6.
1394 3735 1460 3743 —
1497 3705 1583 3760 De
1619 3704 1780 3759 ‘Iove
1818 3698 2056 3777 ἐναλίῳ’
2094 3701 2164 3758 cf.
2203 3704 2233 3773 ξ
2272 3708 2355 3757 36.

891 3796 979 3857 22)
1035 3790 1141 3846 Hic
1177 3791 1335 3846 locus
1371 3797 1670 3859 corruptus
1697 3797 1803 3858 est,
1841 3804 2022 3858 neque
2048 3804 2183 3844 vero
2219 3789 2289 3843 de
2322 3804 2491 3844 sensu
2528 3788 2641 3842 ulla
2678 3786 2974 3857 dubitatio,

891 3882 981 3943 23)
1036 3876 1220 3931 Etiam
1261 3876 1361 3932 Ch.
1388 3880 1486 3930 395
1526 3876 1595 3931 de
1634 3875 1870 3931 fulmine
1908 3876 2133 3930 videtur
2167 3874 2527 3943 cogitandum
2567 3888 2709 3927 esse.

891 3967 984 4032 24)
1038 3962 1166 4019 Sine
1193 3962 1367 4018 dubio
1390 3969 1544 4019 recte
1572 3962 1813 4018 coniecit
1838 3962 2295 4019 Schneidewinus
2332 3956 2694 4029 ‘Aeschylus’
2736 3958 2976 4014 scriben-

719 4052 848 4106 dum
887 4067 1013 4107 esse
1049 4067 1150 4121 pro
1188 4050 1392 4105 tradito
1427 4050 1682 4106 ‘Scilos’.

892 4142 981 4206 25)
1033 4137 1228 4207 Suppl.
1265 4137 1364 4207 qui
1403 4136 1512 4192 huc
1548 4136 1833 4206 pertinent
1868 4136 2022 4190 locos
2050 4133 2388 4203 compositos
2414 4139 2472 4188 et
2496 4132 2747 4202 digestos
2788 4137 2845 4188 et
2868 4146 2976 4187 am-

720 4222 902 4294 pliora
938 4224 1008 4279 de
1045 4223 1198 4280 Iovis
1237 4230 1294 4278 et
1329 4222 1426 4278 Ius
1463 4220 1726 4290 coniugio
1765 4220 1896 4275 vide
1931 4221 1962 4290 §
2004 4225 2116 4274 163.

895 4313 986 4375 26)
1035 4307 1182 4363 Vide
1218 4309 1250 4377 ς
1287 4314 1381 4363 117
1420 4308 1550 4362 adn.
1578 4311 1622 4364 1.

896 4398 988 4465 27)
1023 4392 1281 4451 Thetidis
1293 4394 1615 4464 coniugium
1637 4392 1773 4463 quin
1788 4391 2230 4462 intellegendum
2244 4389 2338 4460 sit,
2358 4404 2687 4460 quamquam
2702 4402 2978 4457 nusquam
