3409 5200
690 410 772 468 30

690 577 965 638 Ceterum
1013 577 1176 654 quod
1222 577 1298 638 de
1329 579 1456 638 eius
1487 579 1859 639 surrecti0ne
1904 577 2022 637 illic
2068 577 2285 638 dicitur
2328 578 2475 637 nihil
2516 577 2643 639 fere
2688 579 2780 639 est
2825 580 2938 640 nisi

688 680 884 757 figura
929 681 1272 760 allegorica.

860 809 1118 862 Adnot.
1154 814 1207 875 1)
1266 808 1426 874 Quod
1472 809 1548 862 ita
1582 808 1963 878 accipiendum
2010 825 2133 863 esse
2184 814 2347 877 puto,
2397 825 2606 863 sacram
2658 809 2778 864 eius
2829 810 2939 865 dici

686 895 853 960 illam,
888 901 954 948 ut
977 894 1230 963 orientis,
1265 895 1457 949 urbem
1497 895 1619 948 sive
1657 894 1959 963 regionem,
1996 894 2143 948 uude
2183 894 2349 949 etiam
2384 893 2533 948 filius
2560 895 2681 949 eius
2718 895 2939 949 Troiam

690 981 858 1035 venit.
899 981 1054 1048 'Non
1097 996 1241 1048 opus
1279 996 1406 1035 esse
1455 995 1656 1036 censeo
1705 981 2079 1049 explicatione
2127 987 2237 1034 tam
2285 981 2397 1035 alte
2442 983 2709 1050 repetita,
2758 981 2941 1052 qualis
3060 985 3078 1002 ⁸

689 1064 988 1119 Welckero
1031 1067 1214 1134 placet
1249 1069 1363 1135 (ep.
1391 1066 1546 1132 Cycl.
1585 1083 1640 1148 p.
1665 1071 1793 1132 211)
1840 1081 1981 1129 „non
2019 1066 2110 1134 agi
2147 1067 2217 1120 de
2256 1066 2483 1121 Aurora
2519 1068 2619 1122 sed
2656 1067 2940 1139 metapho-

689 1151 800 1204 rice
847 1150 1026 1218 ipsam
1076 1156 1276 1204 terram
1320 1149 1566 1204 Κισσιάν
1602 1153 1882 1206 ‘matrem’
1924 1153 1992 1206 ab
2032 1151 2323 1221 Aeschylo
2366 1153 2527 1207 dici“.
2600 1151 2686 1206 Of.
2724 1154 2755 1222 ς’
2790 1157 2854 1207 96
2894 1163 2939 1206 c.

688 1236 1106 1386 aant·2)2·Vide
1136 1321 1458 1389 Prellerum,
1494 1323 1665 1391 myth.
1694 1323 1815 1377 (ἐι-,3
1846 1323 1889 1391 Ι,
1926 1340 1978 1394 p.
2008 1327 2121 1378 343.

818 1561 928 1629 22.
985 1562 1292 1643 Reliqua
1336 1562 1486 1628 visa
1531 1563 1898 1646 caelestia,
1946 1559 2259 1648 Atinio„
2286 1563 2813 1648 sidera,·venti.

861 1708 896 1777 ἓ
939 1713 1035 1769 33.
1105 1697 1374 1786 Αἰθήρ
1422 1708 1510 1767 bis
1555 1727 1590 1766 a
1633 1707 1994 1768 Prometheo
2041 1710 2379 1782 invocatur,
2434 1713 2501 1766 ut
2545 1709 2713 1768 testis
2746 1710 2823 1772 ,ei
2868 1709 2946 1768 sit

687 1811 976 1870 immerito
1025 1810 1273 1886 patienti
1319 1809 1516 1870 Prom.
1548 1813 1660 1886 88,
1707 1811 1808 1869 ubi
1857 1804 2017 1882 δῖος,
2068 1817 2126 1870 et
2171 1812 2368 1871 Prom.
2406 1815 2587 1888 1126,
2634 1811 2729 1871 ubi
2778 1801 2943 1869 πάν-

687 1930 830 1970 των
877 1903 1114 1970 κοινὸν
1159 1903 1331 1987 φάος
1379 1904 1729 1971 εἱλίσσωυῙ
1780 1913 2083 1988 epitheton
2120 1915 2173 1971 ci
2208 1920 2314 1973 cst.
2402 1913 2518 1974 Sed
2565 1918 2818 1990 uterque
2860 1914 2945 1972 lo·

689 2035 796 2076 cus
841 2016 1126 2076 eiusmodi
1169 2021 1273 2092 est,
1320 2021 1385 2076 ut
1431 2016 1504 2076 de
1548 2015 1751 2076 divina
1796 2016 1958 2076 illius
2003 2021 2218 2075 natura
2265 2016 2409 2094 quid
2456 2017 2792 2093 Aeschylus
2837 2034 2944 2093 pu-

687 2120 904 2179 taverit
946 2121 1070 2179 sive
1117 2118 1385 2195 intellegi
1431 2119 1713 2194 voluerit,
1756 2119 2007 2195 perspici
2056 2137 2174 2178 non
2224 2118 2465 2195 possit2.

860 2237 1130 2298 Sidera.
1206 2239 1296 2297 De
1341 2236 1666 2314 sideribus,
1711 2236 1874 2315 quod
1922 2236 2161 2314 quidem
2209 2236 2287 2296 ad
2337 2238 2761 2314 mythologiam
2811 2255 2942 2316 per-

689 2341 904 2418 tineat,
955 2341 1070 2399 hoc
1117 2358 1299 2400 unum
1346 2323 1791 2416 Aeschyleum³³
1842 2344 2069 2418 exstat,
2126 2340 2284 2417 quod
2335 2341 2683 2407 Athenaeus
2740 2342 2943 2400 affert:

689 2442 973 2502 dicuntur
1018 2442 1330 2502 Pleiades⁴
1375 2432 1776 2512 ‘Hslstcidec'
1777 2423 2064 2520 ,septem
2110 2441 2265 2502 filiae
2312 2442 2595 2520 Atlantis,
2640 2461 2794 2520 quae
2841 2462 2943 2520 pa-

687 2546 792 2607 tris
845 2544 1109 2605 laborem
1169 2545 1514 2623 deplorant,
1569 2546 1680 2623 fr.g
1725 2550 1865 2608 298.
1955 2547 2141 2624 Maia,
2201 2547 2360 2607 Iovis
2419 2564 2601 2624 uxor,
2665 2547 2943 2608 Mercurii

690 2656 895 2725 mater,
941 2650 1282 2710 nominatur
1327 2649 1436 2725 frg.
1471 2653 1611 2711 387.

859 2770 1086 2829 Venti.
1161 2769 1226 2827 In
1280 2771 1624 2830 universum
1671 2771 1836 2828 venti
1880 2758 2291 2846 ταχύπτεροι
2331 2763 2541 2827 πνοαί
2586 2768 2945 2830 invocantur

687 2890 722 2931 a
767 2872 1126 2932 Prometheo
1186 2876 1252 2931 ut
1296 2876 1509 2950 testes,
1562 2871 1666 2933 sed
1714 2873 1823 2949 ita,
1878 2876 1942 2931 ut
1987 2872 2303 2932 admodum
2354 2871 2599 2943 dubium
2646 2874 2749 2948 sit,
2803 2890 2943 2932 num

688 2974 833 3035 deos
879 2992 984 3034 eos
1027 2975 1152 3033 illie
1197 2975 1465 3051 intellegi
1511 2975 1853 3052 Aeschylus
1893 2975 2171 3053 voluerit,
2214 2976 2409 3052 Prom.
2450 2978 2549 3036 88.
2581 3006 2665 3017 -
2706 2977 2796 3034 Dc
2840 2977 2947 3035 Ze-

688 3078 882 3155 phyro
914 3077 1051 3136 vide
1082 3077 1117 3146 §
1151 3082 1228 3137 77
1263 3076 1398 3137 adn.
1436 3082 1488 3138 1.
1521 3108 1605 3119 —
1646 3079 1738 3136 De
1780 3096 1899 3137 uno
1941 3076 2352 3137 tantummodo
2385 3083 2699 3138 ventorum
2746 3079 2946 3155 singu*

690 3180 837 3240 laria
885 3184 1140 3256 exstant,
1185 3182 1397 3240 Borea.
1485 3181 1698 3241 Partes
1746 3181 1898 3241 enim
1946 3181 2165 3255 agebat
2210 3181 2434 3239 Boreas
2487 3182 2545 3239 in
2594 3180 2799 3240 fabula
2845 3181 2943 3240 de-

686 3283 925 3361 perdita
969 3277 1318 3360 ‘Orithyia’,
1372 3284 1540 3343 cuius
1587 3287 2007 3360 argumentum
2064 3284 2391 3361 praecipue
2448 3288 2625 3343 notus
2670 3284 2773 3343 ille
2818 3280 2947 3343 Ori·

692 3388 897 3464 thylae
942 3393 1152 3463 raptus
1191 3387 1434 3447 videtur
1480 3386 1692 3463 fuisse,
1744 3386 1855 3462 frg.
1900 3386 2079 3447 280⁵.
2167 3387 2298 3445 Illic
2344 3388 2569 3446 Boreas
2615 3388 2742 3466 ipse
2790 3388 2946 3446 vires

687 3509 827 3550 suas
874 3490 1196 3567 praedicat.
1273 3491 1499 3566 Monet,
1547 3496 1610 3549 ut
1653 3489 1996 3549 custodiant
2037 3491 2306 3549 homines
2347 3489 2466 3549 foci
2502 3491 2717 3565 ignem.
2792 3491 2943 3549 Nam

689 3592 868 3653 facile
899 3591 1007 3652 sibi
1043 3611 1179 3652 esse
1225 3596 1412 3652 totam
1445 3592 1796 3651 comburere
1827 3591 2063 3651 domum
2108 3610 2228 3651 una
2268 3591 2527 3652 scintilla
2569 3592 2945 3669 deprehensa

693 3700 820 3772 cet„
866 3693 981 3773 frg.
1013 3698 1154 3756 280.
1244 3694 1436 3754 Etiam
1471 3677 1774 3772 αὐλητήν
1812 3712 1945 3753 eum
1988 3692 2210 3753 dixisse
2253 3693 2374 3753 illic
2408 3694 2646 3754 videtur
2679 3696 2946 3770 Aeschy-

687 3800 782 3857 lus
824 3816 896 3857 ac
938 3798 1228 3857 demersis
1275 3815 1408 3857 eum
1458 3797 1716 3857 maxillis
1763 3814 1923 3855 mare
1956 3814 2187 3873 eruere,
2231 3795 2342 3873 frg.
2376 3798 2516 3857 280.
2594 3797 2781 3857 Etiam
2818 3815 2946 3856 cer·

689 3904 806 3959 tam
855 3902 1083 3960 Boreae
1127 3899 1329 3961 sedem
1377 3898 1720 3977 Aeschylus
1774 3898 2009 3975 statuit,
2068 3917 2431 3975 quamquam
2489 3898 2588 3958 ubi
2646 3904 2944 3959 terrarum

692 4004 849 4062 illam
898 4004 1126 4080 putarit
1171 4021 1289 4063 non
1337 4006 1636 4061 servatum
1686 4005 1796 4080 est,
1840 4000 1955 4079 frg.
1990 4005 2129 4061 195.

862 4126 1129 4185 Adnot.
1168 4132 1217 4195 l)
1271 4130 1358 4183 De
1395 4128 1499 4183 hoc
1535 4127 1785 4198 epitheto
1821 4127 1953 4181 vide
1990 4126 2431 4181 Schoemannum
2469 4128 2539 4180 ad
2579 4127 2629 4182 h.
2657 4145 2708 4182 v.

862 4218 919 4283 2)
974 4214 1118 4281 Quin
1156 4214 1318 4269 etiam
1365 4221 1604 4282 uterque
1641 4214 1802 4268 locus
1851 4213 2121 4268 eiusmodi
2160 4218 2275 4279 est,
2326 4218 2388 4267 ut
2430 4212 2772 4281 appellativa
2812 4228 2948 4282 quo-

691 4316 827 4371 que,
865 4308 926 4354 ut
957 4301 1038 4354 ita
1074 4300 1281 4368 dicam,
1317 4315 1427 4353 vox
1465 4294 1645 4369 αἰθήρ
1681 4297 1935 4367 intellegi
1972 4299 2153 4354 liceat.
2227 4298 2341 4352 Nos
2378 4312 2604 4367 quoque
2641 4296 2946 4352 Christiani

690 4389 766 4443 ita
803 4386 988 4441 dicere
1024 4400 1323 4459 possumus
1360 4400 1461 4455 per
1501 4384 1839 4455 allegoriam.
1913 4384 2077 4437 Nulla
2112 4384 2283 4452 igitur
2319 4398 2489 4439 causa
2526 4389 2637 4450 est,
2687 4399 2787 4437 cur
2822 4398 2944 4437 cum
