3409 5200
2629 396 2707 454 29

634 565 725 626 De
779 569 1044 626 natura
1097 562 1248 626 Solis
1311 565 1424 625 hoc
1453 567 1723 642 'praeter
1776 567 1977 624 cetera
2036 562 2448 640 praedicatur,
2506 563 2581 624 ab
2636 583 2709 623 eo

463 669 661 727 omnia
693 669 955 744 conspici
991 686 1184 746 posse,
1229 668 1340 744 Ag.
1375 671 1518 744 637,
1562 667 1664 727 Oh.
1699 669 1841 744 983,
1887 667 2083 726 Prom.
2112 669 2213 742 91,
2257 666 2370 743 srg.
2399 670 2539 728 192.
2608 666 2708 726 Sic

462 771 636 830 etiam
683 760 906 850 πατήρ
953 761 1291 848 appellatur
1335 770 1410 830 ab
1442 769 1653 830 Oreste
1699 770 1828 846 (qui
1866 772 2073 829 testem
2116 787 2249 828 eum
2292 769 2396 828 sibi
2439 769 2705 830 futurum

465 891 596 934 esse
643 873 908 945 confidit)
964 873 1068 934 Oh.
1109 877 1248 934 982.
1331 857 1396 931 ‘O
1441 867 1717 951 τρέφων
1755 861 2011 949 χθονὸς
2056 858 2261 948 φύσιν
2313 872 2413 932 Sol
2460 880 2551 932 est
2597 874 2709 949 Ag.

466 977 606 1038 637.
695 977 785 1036 De
845 976 1146 1038 cotidiano
1203 977 1355 1037 Solis
1409 977 1622 1036 itinere
1678 975 2013 1051 Aeschylus
2069 975 2216 1036 haec
2273 974 2523 1053 profert:
2580 967 2709 1034 αἰεὶ

463 1077 524 1152 (ἰ.
555 1097 603 1139 e.
649 1077 890 1152 cotidie)
935 1080 1034 1141 Sol
1081 1097 1302 1157 eorpus
1343 1097 1513 1138 suum
1555 1078 1885 1138 immortale
1930 1077 2241 1156 fessosque
2284 1096 2469 1155 equos
2515 1078 2710 1138 calida

467 1183 770 1242 lavatione
816 1188 1050 1242 recreat
1095 1183 1152 1242 in
1201 1183 1334 1242 lacu
1371 1181 1742 1258 Aethiopico,
1786 1180 1898 1257 frg.
1933 1183 2071 1243 192.
2160 1180 2383 1242 Eodem
2432 1181 2559 1242 sine
2606 1180 2709 1240 du-

463 1283 558 1342 bio
620 1285 879 1361 pertinet
937 1284 1098 1362 quod
1161 1285 1412 1361 legimus
1471 1285 1667 1345 Prom.
1714 1287 1839 1346 834
1896 1265 2117 1342 Ἡλίου
2176 1278 2403 1364 πηγαί.
2509 1284 2706 1344 Noctu

462 1389 657 1446 autem
707 1388 765 1446 in
811 1387 1026 1464 poculo
1073 1407 1108 1446 a
1149 1387 1422 1448 Vulcano
1468 1386 1626 1446 facto
1676 1405 1782 1465 per
1820 1385 2125 1448 Oceanum
2174 1385 2249 1446 ad
2292 1387 2577 1447 orientem
2621 1405 2708 1447 re·

463 1485 719 1565 vehitur,
761 1487 875 1566 frg.
909 1493 1004 1551 66.

631 1577 1020 1669 Imploratur,
1077 1596 1143 1652 ut
1198 1592 1481 1652 auxilium
1537 1592 1720 1668 ferat,
1772 1592 1871 1653 Sol
1926 1592 2020 1650 vel
2076 1593 2275 1670 potius
2332 1593 2458 1652 eius
2512 1577 2711 1669 αὐγαὶ

464 1683 785 1772 σωτήριοι
831 1713 868 1754 a
908 1693 1278 1754 Danaidibus
1323 1696 1504 1773 Supp.
1540 1693 1715 1756 2193.

635 1796 810 1871 Quod
853 1796 1068 1858 ibidem
1112 1798 1364 1875 legimns
1402 1787 1616 1876 Ζηνὸς
1658 1785 1851 1877 ὄρνιν
1898 1804 2059 1858 recte
2107 1797 2183 1856 de
2222 1797 2361 1858 Sole
2406 1798 2710 1876 explicare

463 1897 704 1960 videtur
747 1901 1114 1960 scholiastes

633 2002 1016 2062 Memorabile
1087 2002 1347 2080 denique
1415 1961 1521 2074 est,
1595 2003 1757 2081 quod
1835 2003 1935 2062 Sol
2012 2007 2103 2063 est
2176 2002 2323 2062 deus
2390 2003 2706 2063 Persarum

463 2105 630 2164 Pers.
672 2108 792 2166 235
808 2104 850 2165 ⁴.
1799 2106 1804 2112 ’

632 2214 892 2274 Adnot.
928 2221 986 2285 1)
1035 2216 1120 2273 Cf.
1159 2217 1442 2274 Klausen..
1480 2217 1648 2274 theol.
1685 2234 1739 2288 p.
1772 2222 1863 2272 121
1888 2233 1972 2286 sq.

633 2307 689 2368 2)
740 2300 1008 2372 Amplius
1055 2303 1126 2357 de
1172 2303 1275 2358 hoc
1320 2304 1713 2358 disseruerunt
1754 2303 2084 2358 Welckerus
2127 2305 2260 2372 (tril.
2300 2320 2354 2374 p.
2381 2308 2480 2358 566
2500 2307 2607 2374 sq.)
2654 2311 2711 2358 et

462 2388 811 2442 Hermannus
847 2391 1000 2458 (opp.
1028 2389 1122 2456 111,
1160 2405 1214 2458 p.
1239 2394 1332 2444 130
1353 2393 1478 2458 sq.).
1533 2389 1616 2443 Cf.
1643 2390 1807 2444 etiam
1836 2377 2163 2458 Nauckium,
2190 2386 2549 2458 Ahrensium,
2575 2389 2711 2444 Din-

462 2468 697 2528 dorfium
724 2475 794 2528 ad
819 2472 982 2542 frgg„
1018 2474 1324 2528 Robertum
1356 2474 1414 2527 in
1441 2473 1623 2529 Herm.
1649 2475 1760 2529 vol.
1786 2473 1979 2530 XVIII
2004 2493 2057 2544 p.
2079 2480 2195 2543 439,
2220 2473 2705 2530 Wilamowitzium

461 2559 591 2615 ibid.
629 2575 682 2628 p.
709 2565 826 2627 427,
863 2559 1226 2629 Knaackium,
1263 2561 1619 2631 quaestiones
1656 2559 2051 2629 Phaetonteae‚
2090 2578 2144 2632 p.
2174 2565 2233 2615 17
2256 2576 2339 2628 sq.
2469 2621 2481 2637 ,

600 2650 690 2711 ,3)
741 2645 888 2701 Nihil
927 2646 1062 2701 haec
1099 2646 1311 2713 omnia,
1360 2661 1503 2715 quae
1541 2648 1611 2701 de
1649 2647 1793 2701 Solis
1829 2653 2026 2701 natura
2060 2648 2212 2716 apud
2249 2647 2593 2716 Aeschylum
2632 2650 2710 2701 in-

462 2732 787 2797 veniuntur,
837 2732 944 2785 nisi
991 2731 1345 2799 allegoricam
1395 2733 1686 2801 quamdam
1728 2734 1846 2787 veri
1884 2734 2021 2787 solis
2069 2733 2263 2786 divina
2300 2734 2487 2803 specie
2527 2733 2708 2792 induti

461 2816 753 2883 imaginem
792 2816 1114 2871 ostendunt.
1840 2884 1843 2889 Ι

632 2905 688 2964 4)
743 2900 907 2956 Certe
942 2917 1052 2955 non
1093 2903 1216 2955 sine
1253 2918 1422 2957 causa
1457 2904 1749 2957 Persarum
1791 2894 1937 2966 ἄναξ
1973 2903 2044 2957 ab
2079 2902 2367 2974 Aeschylo
2408 2902 2501 2957 Sol
2540 2903 2709 2971 signi-

462 2986 674 3042 ficatur.
737 2986 821 3043 Os.
860 2991 890 3053 ξ
925 2993 985 3041 14
1023 2988 1145 3043 adn.
1175 2994 1221 3042 8.
1293 2988 1504 3042 Ibidem
1537 2988 1670 3043 vide
1707 2988 1779 3043 de
1814 2987 1919 3057 frg.
1947 2994 2027 3043 20.

1331 3176 1444 3242 20.
1507 3172 1845 3263 Σελήνη.

632 3303 666 3373 ξ
709 3308 805 3363 31.
881 3303 1110 3363 Lunam
1157 3302 1311 3363 Solis
1357 3302 1532 3363 filiam
1581 3303 1795 3364 dictam
1844 3323 1972 3364 esse
2020 3306 2369 3381 accepimu8‚
2424 3304 2536 3380 frg.
2566 3308 2709 3365 443.

461 3405 784 3465 Praeterea
831 3425 948 3466 non
999 3409 1494 3467 commemoratur
1539 3408 1597 3467 in
1646 3407 1915 3485 reliquiis
1964 3408 2335 3483 AeschyleIS.

1233 3620 1340 3688 21.
1405 3612 1606 3701 Ἠώς,
1647 3610 1937 3709 Ἡμέρα.

630 3749 664 3820 ἓ
707 3754 806 3814 32.
877 3749 1116 3810 Aurora
1169 3751 1501 3810 Memnonis
1557 3757 1747 3811 mater
1792 3755 1907 3828 est,
1963 3749 2076 3829 frg.
2119 3755 2259 3812 276.
2347 3752 2414 3812 In
2468 3768 2707 3811 scenam

459 3851 824 3927 procedebat
862 3852 919 3911 in
954 3851 1404 3931 Psychostasia3
1453 3854 1576 3913 Iovi
1619 3872 1730 3931 pro
1772 3852 1878 3913 filii
1910 3854 2031 3914 vita
2070 3855 2371 3931 supplicat
2410 3857 2469 3913 et
2499 3858 2709 3931 postea

463 3954 676 4013 mortui
722 3953 826 4014 filii
875 3973 1094 4032 corpus
1141 3956 1403 4032 surripit,
1449 3954 1561 4033 frg.
1602 3960 1743 4017 276.
1818 3950 2077 4028 Κισσία,
2122 3957 2158 4016 i.
2198 3976 2248 4017 e.
2290 3956 2563 4033 Susiana,
2607 3957 2709 4016 illa

461 4056 678 4116 dieitur
723 4056 837 4135 frg.
871 4056 1048 4118 2791.

624 4142 902 4239 Ἡμέραν
956 4178 1087 4219 eum
1144 4159 1392 4221 eandem
1451 4179 1581 4220 cum
1635 4161 1876 4221 Aurora
1936 4161 2009 4221 ab
2063 4160 2364 4241 Aeschylo
2420 4160 2708 4221 creditam

459 4280 588 4322 esse
635 4261 956 4322 verisimiIe
1007 4261 1137 4339 sit2‚
1195 4264 1290 4321 hic
1344 4263 1596 4323 referam
1656 4263 1817 4341 quod
1878 4282 2057 4324 unum
2118 4263 2193 4323 de
2247 4263 2709 4325 hac-mentione

461 4364 704 4441 dignum
739 4368 830 4423 est
863 4365 1280 4441 Aeschyleum.
1343 4366 1608 4427 Vocatur
1637 4350 1869 4445 Ἡμέρα
1903 4356 2339 4435 λευκόπωλος
2377 4368 2540 4427 Fere.
2568 4371 2709 4428 389.
