3409 5200
738 387 816 447 18

733 543 1032 631 ἄφθιτον
1079 559 1326 616 vocatur
1383 555 1485 616 Oh.
1533 559 1713 616 1035.
1802 556 2003 630 Ipsum
2058 555 2344 630 templum
2404 555 2644 630 primae
2674 547 2984 612 ‘Eumeni-

731 653 899 719 dum'
942 659 1130 735 partis
1183 677 1362 718 scena
1409 662 1529 734 est,
1575 659 1743 716 Eum.
1776 661 1859 717 40
1880 674 1987 734 sq.,
2043 661 2103 716 et
2148 657 2391 733 Pythia,
2446 673 2601 734 quae
2648 657 2987 715 hominibus

730 761 1028 837 Apollinis
1074 761 1320 820 oracula
1374 761 1755 836 pronuntiat,
1810 764 2015 836 partes
2062 760 2124 818 in-
2171 777 2245 820 ea
2289 758 2603 835 tragoedia
2646 760 2771 835 agit
2814 776 2915 817 vv.
2950 764 2982 819 1

728 868 914 925 —64.
1002 864 1236 922 Dicitur
1264 863 1484 940 Apollo
1533 845 1568 920 ὁ
1605 847 1872 932 Πύθιος
1908 848 2075 937 ἄναξ
2122 864 2232 938 Ag.
2268 867 2414 938 514,
2456 856 2707 936 Λοξίας,
2734 845 2771 918 ὁ
2806 857 2983 938 Παρ-

729 953 997 1034 νάσσιος
1051 966 1156 1027 Oh.
1197 969 1348 1043 952,
1408 955 1838 1042 πυθόμαντις
1894 965 1997 1026 Oh.
2035 969 2225 1040 1028,
2286 966 2532 1025 oracula
2584 965 2713 1024 eius
2764 953 2983 1022 πυθό-

725 1081 979 1149 χρηστα
1024 1068 1130 1129 ch.
1162 1071 1287 1129 900
1333 1072 1392 1126 et
1437 1054 1893 1146 πυθόκραντα
1938 1070 2045 1144 Ag.
2085 1071 2275 1142 12543
2323 1075 2381 1126 et
2412 1066 2659 1127 Orestes
2689 1047 2983 1142 Apollinis

739 1171 984 1232 oraculo
1026 1172 1242 1230 missus
1285 1157 1768 1248 πυθοχρήστας
1814 1169 2032 1230 dicitur
2077 1157 2290 1247 φυγάς
2336 1169 2441 1230 Oh.
2474 1173 2613 1231 939.

901 1289 1075 1361 §⁴15.
1149 1291 1316 1350 Haec
1369 1290 1442 1375 de
1487 1295 1624 1350 vate
1671 1290 1950 1366 Apolline
2005 1294 2276 1359 exstant3
2335 1290 2627 1365 pauciora
2686 1289 2762 1348 de
2818 1288 2985 1349 adiu-

729 1399 887 1472 tore,
948 1393 1205 1470 medico,
1266 1411 1605 1453 averrunco
1660 1392 1997 1470 Aeschylus
2054 1392 2319 1469 praebet.
2414 1393 2508 1451 De
2562 1393 2796 1452 nomine
2856 1381 2984 1454 Δύ-

627 1486 636 1500 “
729 1513 906 1566 κειος
950 1503 1043 1557 ter
1089 1502 1547 1556 commemorato
1595 1498 1707 1554 iam
1757 1497 1939 1571 paulo
1980 1503 2119 1554 ante
2158 1495 2431 1572 exposui.
2522 1496 2753 1570 Quibus
2801 1496 2983 1554 omni-

729 1600 840 1659 bus
882 1600 1028 1659 locis
1075 1597 1170 1658 dei
1217 1600 1499 1658 auxilium
1545 1598 1914 1676 implor.atur
2003 1584 2249 1676 Σωτήρ
2296 1603 2356 1657 et
2398 1583 2729 1686 παιώνιος
2774 1598 2983 1672 implo-

729 1707 896 1762 ratur
935 1703 1048 1778 Ag.
1082 1704 1224 1778 517,
1270 1687 1698 1779 ἰατρόμαντις
1740 1701 2085 1779 appellatur
2130 1706 2190 1760 et
2232 1679 2567 1778 δωμάτιον
2614 1684 2985 1776 καθάρσιος

729 1807 896 1864 Eum.
930 1809 1008 1865 62
1029 1823 1116 1880 sq.
1204 1805 1434 1879 Purgat
1463 1804 1680 1880 Apollo
1727 1803 1998 1864 Olestem
2033 1802 2399 1864 matricidam
2448 1803 2551 1864 Ch.
2587 1807 2769 1880 1058,
2814 1803 2984 1862 Eum.

730 1910 854 1969 280
872 1925 960 1984 sq.
1005 1901 1411 1983 (καθαρμοῖς
1450 1893 1961 1982 χοιροκτόνοις),
2006 1905 2081 1965 cf.
2123 1909 2248 1966 580
2268 1923 2374 1982 sq„
2417 1909 2543 1966 448
2563 1923 2648 1983 sq.
2740 1889 2983 1982 Αγυιά-

727 2027 844 2088 της
889 2008 1185 2084 Apollinis
1232 2008 1534 2085 epitheton
1585 2017 1676 2069 est
1720 2009 1835 2085 Ag.
1871 2012 2055 2085 1065,
2099 2012 2281 2069 1070.

899 2113 1091 2173 Etiam
1139 2113 1332 2172 iustus
1379 2112 1560 2172 iudex
1605 2112 1824 2189 Apollo
1871 2117 1977 2172 est.
2067 2113 2158 2173 Ab
2191 2132 2260 2172 eo
2309 2114 2368 2172 in
2414 2093 2762 2189 peccatores
2808 2111 2981 2172 mitti-

734 2221 833 2277 tur
877 2217 1060 2276 Furia
1099 2198 1588 2292 ὖστερόποινος
1630 2216 1742 2292 Ag.
1776 2218 1873 2276 55.

899 2320 990 2378 De
1037 2319 1262 2400 musico
1312 2318 1604 2394 Apolline
1635 2319 1752 2377 hoc
1801 2336 1983 2378 unum
2031 2318 2431 2395 Aeschyleum
2481 2317 2844 2393 invenimuS,
2890 2335 2980 2376 ce-

731 2421 950 2482 cinisse
998 2440 1131 2480 eum
1181 2422 1239 2480 in
1287 2420 1452 2480 Pelei
1500 2424 1563 2480 et
1605 2419 1883 2480 Thetidis
1930 2420 2173 2497 nuptiis,
2217 2419 2326 2495 frg.
2361 2422 2499 2481 281.
2545 2472 2554 2477 ,

901 2527 1096 2583 Arcus
1141 2525 1271 2584 eius
1317 2524 1599 2603 proprius
1645 2530 1763 2601 est,
1818 2511 2217 2601 χρυσηλάτῳ
2272 2513 2567 2601 θώμιγγι
2628 2523 2979 2599 sagittisque
3067 2577 3072 2582 .

731 2614 1084 2707 ἅργησταῑς
1141 2622 1470 2687 instructus
1529 2628 1700 2686 Eum.
1746 2627 1883 2687 181.
1986 2626 2191 2701 Quare
2245 2625 2540 2685 Hercules
2598 2644 2730 2713 eum
2794 2630 2983 2703 rogat,

729 2737 794 2789 ut
847 2730 1029 2789 telum
1091 2729 1203 2789 sibi
1259 2729 1480 2805 dirigat
1535 2728 1647 2806 frg.
1692 2732 1843 2804 205,
1905 2728 2115 2789 Thetis
2171 2730 2229 2787 in
2288 2747 2425 2788 eum
2486 2729 2720 2805 culpam
2777 2730 2981 2808 mortis

725 2833 826 2892 filii
875 2832 1109 2893 confert
1153 2832 1264 2908 frg.
1297 2836 1439 2893 281.
1527 2832 1721 2892 Etiam
1768 2833 2110 2909 multorum,
2154 2850 2308 2908 quae
2352 2832 2410 2890 in
2446 2831 2711 2891 Graecos
2741 2832 2977 2892 Troiam

729 2941 1153 3013 oppugnantes
1197 2936 1415 3011 Apollo
1463 2935 1802 3012 coniecerit,
1847 2936 2097 2995 telorum
2147 2935 2367 2994 mentio
2414 2932 2479 2994 fit
2521 2935 2637 3011 Ag.
2668 2939 2810 2997 515.

899 3041 1132 3114 Restat,
1185 3042 1252 3098 ut
1295 3040 1540 3097 afferam
1586 3057 1783 3115 pauca
1838 3036 1915 3097 de
1960 3038 2239 3115 Apolline
2295 3039 2352 3096 in
2402 3038 2745 3098 universum
2806 3038 2983 3097 dicta.

729 3143 811 3201 Ut
855 3141 1075 3200 dicitur
1131 3142 1230 3200 ille
1286 3141 1631 3219 simpliciter
1674 3129 2089 3219 μεγασθενής
2142 3141 2311 3200 Eum.
2353 3144 2463 3217 61,
2503 3144 2803 3200 'summam
2852 3140 2982 3200 eius

728 3263 859 3305 esse
915 3243 1072 3322 apud
1123 3246 1323 3304 Iovem
1378 3246 1789 3305 auctoritatem
1850 3245 2103 3321 legimus
2159 3245 2328 3304 Eum.
2371 3248 2522 3321 229,
2568 3263 2683 3304 non
2732 3244 2981 3303 inclina-

726 3353 849 3408 tum
899 3364 1030 3407 esse
1086 3348 1216 3406 eius
1259 3348 1518 3406 animum
1575 3346 1650 3405 ad
1699 3347 1977 3424 querelas
2025 3366 2095 3406 ac
2144 3348 2604 3407 lamentationes
2652 3348 2765 3423 Ag.
2800 3348 2981 3422 1059,

731 3454 909 3515 1063.
1000 3449 1276 3527 Denique
1332 3449 1650 3509 admodum
1712 3449 2095 3509 memorabile
2150 3453 2267 3527 est,
2322 3448 2482 3527 quod
2530 3451 2705 3509 affert
2750 3450 2980 3509 Macro-

726 3553 858 3611 bius
904 3550 978 3629 (1,
1012 3555 1108 3629 18,
1141 3551 1221 3623 6),
1277 3551 1527 3611 eandem
1575 3571 1733 3628 quae
1778 3550 2077 3628 Euripidi,
2134 3553 2237 3628 qui
2284 3552 2622 3627 Apollinem
2670 3551 2979 3612 Liberum-

727 3668 842 3730 q'ue
893 3673 1074 3713 unum
1110 3653 1489 3730 eundemque
1523 3653 1698 3713 deum
1735 3671 1865 3714 esse
1912 3653 2227 3731 significet,
2270 3653 2575 3730 Aeschylo
2622 3656 2978 3713 sententiam

724 3757 908 3816 fuisse
967 3755 1216 3817 dicenti:
1286 3739 1323 3813 ὁ
1378 3745 1661 3828 Κισσεὺς
1710 3743 2079 3829 Ἀπόλλων,
2141 3746 2177 3813 ό
2233 3754 2591 3863 Βακχεῖος,
2654 3738 2691 3811 ό
2745 3745 2982 3831 μάντις

723 3859 835 3935 frg.
867 3862 990 3921 394
1033 3858 1215 3919 nina.
1263 3856 1411 3931 (332
1444 3860 1537 3936 Ν.,
1583 3862 1705 3921 358
1740 3857 1914 3931 H.)¹4.

894 3988 1151 4042 Adnot.
1181 3990 1234 4053 1)
1288 3985 1374 4042 Cf.
1411 3986 1698 4057 Klausen.,
1735 3986 1903 4042 theol.
1941 4004 1994 4056 p.
2026 3991 2120 4041 113
2143 4002 2225 4055 sq.

895 4077 953 4224 {i
1006 4070 1092 4212 ἓξ
1129 4074 1722 4227 {yfflhgss'ig'terffioto
1770 4155 1905 4210 nihil
1944 4156 2150 4211 dietum
2190 4162 2279 4210 est
2322 4156 2393 4211 ab
2431 4154 2725 4225 Aeschylo
2762 4156 2821 4209 in
2854 4156 2979 4211 reu-

722 4242 870 4311 quiis
905 4242 1068 4297 nobis
1116 4242 1371 4297 servatis.

893 4331 950 4394 4)
1001 4326 1090 4381 De
1122 4324 1374 4383 Admeto
1429 4328 1684 4383 Pheretis
1728 4322 1844 4381 filio
1892 4328 1949 4381 id
1998 4328 2206 4382 dicunt.
2278 4327 2362 4383 Of.
2400 4328 2703 4381 Hei-manni
2738 4328 2811 4381 ad
2849 4327 2897 4382 h.
2924 4343 2977 4382 v.

721 4412 1151 4467 adnotationem.
