3409 5200
671 379 748 437 16

838 541 894 604 3)
950 537 1036 594 ef.
1071 535 1244 593 schol.
1281 537 1353 591 ad
1388 536 1441 593 h.
1468 553 1521 592 v.
2039 594 2044 598 ,

832 627 890 685 4)
943 624 1062 678 Hoc
1106 623 1177 678 de
1213 622 1466 677 Minerva
1505 620 1883 676 fulminatrice
1918 621 2145 676 videtur
2188 621 2399 675 dictum
2444 635 2587 675 esse.
2660 620 2745 676 cf.
2784 619 2921 674 Her·

662 724 922 763 mannum
958 709 1029 762 ad
1067 708 1177 763 11.1.
1217 713 1275 762 et
1310 706 1798 775 Preller-Robert.,
1833 705 2004 777 myth.
2032 706 2126 760 Gr.
2160 705 2201 772 1,
2232 711 2343 760 191.

833 797 888 863 5)
944 793 1234 862 Ampliora
1272 793 1404 847 vide
1437 797 1468 859 5
1509 797 1623 848 113.

1503 1017 1565 1083 5.
1620 1007 2078 1082 Ἀπόλλωνὶ.

835 1144 871 1215 ξ
919 1149 1020 1206 13.
1095 1142 1289 1204 Filius
1335 1149 1424 1204 est
1467 1144 1687 1221 Apollo
1738 1145 1921 1222 Iovis,
1974 1145 2143 1204 Eum.
2188 1147 2285 1220 19,
2336 1147 2483 1220 149,
2541 1147 2601 1203 et
2643 1145 2909 1204 Latonae

663 1250 832 1309 Eum.
866 1249 1008 1309 324.
1097 1245 1462 1324 Mercurium
1507 1245 1756 1309 fratrem
1804 1246 1950 1307 dicit
1994 1246 2163 1324 Eum.
2195 1248 2294 1308 89.
2383 1246 2573 1306 Filius
2615 1247 2916 1323 Apollinis

663 1355 754 1410 est
795 1350 962 1428 Apis,
1007 1369 1042 1410 a
1087 1367 1207 1426 quo
1255 1350 1413 1428 Apia
1456 1353 1618 1410 terra
1663 1350 1965 1410 nominata
2011 1353 2101 1410 est
2144 1348 2502 1427 8111111269.

835 1454 923 1512 De
969 1453 1210 1513 ineunte
1255 1452 1548 1528 Apollinis
1593 1456 1792 1512 aetate
1849 1457 2266 1530 occupatoque
2320 1453 2568 1513 oraculo
2618 1453 2908 1530 Delphico

662 1557 811 1616 haec
855 1559 1060 1615 narrat
1088 1555 1423 1632 Aeschylus
1468 1554 1527 1614 in
1573 1553 1970 1616 Eumenidum
2010 1555 2261 1632 prologo
2302 1575 2356 1616 v.
2390 1559 2560 1632 9sq.:
2630 1555 2777 1616 Delo
2830 1556 2917 1614 in·

661 1658 795 1718 sula
850 1659 1060 1718 relicta
1114 1656 1190 1716 ad
1249 1659 1391 1718 litus
1436 1657 1673 1717 Atticae
1730 1676 1940 1719 navem
1995 1657 2271 1736 appellit,
2332 1663 2397 1718 ut
2449 1657 2779 1735 Delphicas
2823 1676 2913 1718 re-

660 1764 867 1840 giones
910 1764 1393 1840 Parnassumque
1441 1761 1704 1823 accedat.
1796 1761 2219 1823 Venerabundi
2273 1767 2728 1840 prosequuntur
2774 1780 2907 1822 eum

660 1865 1100 1926 Athenienses2
1163 1866 1317 1925 viam
1383 1869 1665 1940 parantes
1730 1866 1783 1923 ei
1855 1869 2039 1942 atque
2106 1868 2531 1944 expurgantes,
2639 1864 2907 1943 Delphos

661 1971 858 2028 autem
910 1968 1008 2028 ubi
1055 1968 1318 2042 advenit,
1362 1968 1626 2044 populus
1671 1972 1729 2027 et
1774 1967 2047 2045 Delphus
2091 1986 2197 2027 rex
2246 1967 2623 2028 consalutant
2667 1986 2801 2029 eum
2848 1987 2919 2027 ac

663 2076 1051 2132 venerantur.
1142 2071 1370 2146 Iupiter
1415 2075 1612 2130 autem
1661 2076 1847 2130 artem
1884 2071 2199 2130 manticam
2248 2071 2500 2148 inspirat
2539 2073 2593 2130 ei
2641 2074 2699 2130 et
2744 2089 2919 2148 quar-

662 2180 786 2234 tum
847 2193 979 2234 eum
1027 2177 1224 2233 vatem
1281 2174 1573 2250 Delphico
1619 2175 1867 2233 oraculo
1910 2167 2251 2250 'praeficit3,
2296 2193 2349 2232 v.
2386 2178 2481 2235 18.
2570 2175 2723 2234 Nam
2777 2180 2917 2234 ante

660 2296 794 2338 eum
856 2276 1148 2354 deinceps
1209 2275 1269 2335 id
1329 2279 1656 2337 tenuerunt
1710 2273 1913 2348 Γαῖα,
1970 2272 2194 2354 Θέμις,
2248 2270 2493 2356 Φοίβη,
2548 2277 2717 2337 Eum.
2758 2281 2816 2353 2,
2860 2281 2915 2338 6.

661 2381 903 2441 Phoebe
961 2385 1155 2439 autem
1202 2379 1467 2456 Apollini
1526 2379 1839 2440 oraculum
1897 2385 1963 2440 ut
2004 2373 2362 2457 γενέθλιον
2408 2368 2599 2462 δόσιν
2654 2378 2915 2456 donavit,

663 2485 836 2545 Eum.
870 2488 923 2544 7.

833 2587 964 2647 Nec
1022 2606 1139 2647 non
1187 2586 1484 2665 Apollinis
1541 2586 1699 2647 exilii
1756 2586 2100 2663 Aeschylus
2159 2585 2511 2646 mentionem
2567 2585 2734 2647 facit:
2795 2602 2915 2661 φυ-

659 2679 828 2768 γάδα
877 2674 991 2748 ἀπ’
1029 2673 1329 2768 ου’ρανοῦ
1362 2678 1531 2747 θεόν
1577 2708 1707 2748 eum
1744 2689 1887 2748 dicit
1932 2686 2118 2766 Supp.
2152 2692 2291 2750 220.
2381 2689 2606 2749 Eodem
2639 2689 2915 2767 pertinet,

663 2792 826 2870 quod
872 2794 1042 2851 Eum.
1078 2796 1199 2853 726
1225 2810 1312 2869 sq.
1359 2789 1576 2850 Furiae
1623 2790 1886 2867 Apollini
1946 2791 2242 2869 obiciunt,
2300 2790 2360 2850 in
2415 2791 2685 2851 Pheretis
2740 2790 2911 2851 domo

666 2894 976 2954 homines4
1033 2894 1106 2953 ab
1167 2912 1238 2953 eo
1294 2894 1660 2953 immortales
1722 2892 1991 2953 redditos
2045 2911 2177 2953 esse
2223 2892 2429 2953 Parcis
2482 2895 2745 2971 antiquis
2788 2892 2914 2953 deis

663 2998 802 3058 vino
849 2995 1137 3074 deceptis.

833 3100 1093 3160 Nomina
1125 3098 1418 3175 Apollinis
1463 3102 1705 3176 praeter
1751 3100 1943 3175 ipsum
1983 3085 2410 3157 (Ἀπόλλων’ἕ»
2455 3098 2617 3177 apud
2651 3100 2914 3176 Aeschy-

660 3203 784 3262 lum
828 3203 980 3262 ‘haec
1024 3200 1442 3261 inveniuntur:
1520 3197 1771 3273 Φοῖβος
1818 3202 1988 3262 Eum.
2018 3205 2079 3277 8,
2122 3202 2221 3261 ubi
2270 3201 2489 3264 dicitur
2534 3201 2649 3262 hoc
2695 3221 2914 3280 cogno·

665 3323 796 3380 men
853 3322 988 3363 eum
1033 3304 1336 3381 recepisse
1393 3322 1511 3362 nna
1570 3322 1703 3363 cum
1753 3304 1995 3363 oraculo
2043 3303 2334 3381 Delphico
2389 3322 2425 3363 a
2468 3304 2709 3367 Phoebe
2754 3306 2913 3365 Tita-

659 3406 816 3484 nide,
873 3406 1038 3465 Eum.
1085 3386 1228 3483 283,
1271 3406 1431 3483 Sept.
1475 3409 1626 3482 678,
1671 3406 1785 3483 frg.
1831 3406 1999 3477 281⁶,
2060 3402 2309 3479 Φοῖβος
2355 3389 2691 3465 Ἀπόλλων
2748 3408 2915 3467 Eum.

667 3513 809 3586 747,
861 3510 1182 3568 Persarum
1231 3508 1378 3568 deus
1428 3504 1678 3581 Φοῖβος
1724 3515 1815 3568 est
1862 3510 2025 3568 Pers.
2071 3512 2223 3583 2093
2284 3503 2528 3583 Λοξίας
2572 3510 2733 3587 Sept.
2772 3516 2915 3589 605,

659 3616 854 3673 Prom.
883 3617 1025 3688 696,
1067 3615 1179 3689 Ag.
1209 3616 1390 3690 1058,
1426 3616 1606 3690 1207,
1644 3617 1824 3687 1210,
1868 3613 1972 3672 011.
2007 3616 2149 3689 268,
2188 3617 2329 3688 556,
2374 3616 2519 3690 899,
2558 3617 2698 3692 952,
2733 3620 2914 3693 1028,

664 3719 845 3790 1034,
879 3720 1060 3792 1037,
1097 3718 1277 3793 1057,
1324 3716 1490 3775 Eum.
1527 3719 1624 3790 19,
1665 3720 1765 3789 35,
1798 3720 1895 3789 61,
1938 3719 2079 3790 235,
2124 3719 2267 3794 241,
2296 3719 2443 3794 468,
2476 3720 2616 3793 761,
2663 3716 2775 3792 frg.
2804 3718 2916 3793 82;

658 3809 943 3889 Λύκειος
1001 3820 1158 3895 Sept.
1203 3822 1352 3896 131,
1405 3817 1591 3896 Supp.
1631 3822 1782 3893 6943
1846 3807 2125 3888 Λύκειος
2174 3803 2521 3877 Ἀπόλλων
2567 3822 2676 3895 Ag.
2726 3824 2913 3897 12563

671 3912 894 3982 Παιάν
937 3923 1048 3997 Ag.
1085 3919 1260 3983 153⁷.

693 4094 697 4099 .
830 4046 866 4111 §
908 4046 1004 4103 14.
1077 4044 1382 4118 Natura,
1426 4061 1687 4118 mores,
1732 4062 1845 4103 res
1891 4044 2236 4119 propriae
2282 4042 2667 4120 Apollinis.
2742 4038 2915 4115 Νέος

659 4144 1029 4221 significatur
1078 4144 1292 4220 Apollo
1340 4146 1509 4204 Eum.
1545 4149 1666 4206 150
1712 4144 1813 4213 (cf.
1848 4143 2014 4222 162),
2058 4150 2199 4206 734.
2286 4144 2380 4205 Ad
2426 4146 2767 4224 Apollinem
2816 4146 2911 4204 lu-

658 4248 759 4305 cis
814 4246 987 4306 deum
1045 4250 1283 4323 praeter
1339 4265 1554 4306 nomen
1618 4243 1867 4324 Φοῖβος
1928 4266 2112 4324 supra
2166 4248 2408 4307 allatum
2474 4248 2588 4307 hoc
2641 4249 2915 4326 pertinet,

659 4350 818 4427 quod
876 4339 1163 4427 ‘Cocytus
1223 4350 1468 4407 Phoebo
1529 4350 1786 4409 invisus'
1844 4350 2003 4427 Sept.
2047 4353 2169 4411 678
2231 4356 2290 4410 et
2344 4336 2752 4420 ‘vmiorozog
2808 4369 2915 4427 per
