3409 5200
733 377 811 434 10

729 544 842 604 bus
873 545 1059 604 utitur
1104 543 1179 603 ad
1211 543 1592 604 adversarios
1629 542 2077 620 impugnandos
2122 544 2317 602 Prom.
2352 545 2476 604 374
2496 559 2602 619 sq.,
2646 545 2789 619 948,
2833 544 2978 619 954,

727 648 888 724 Sept.
919 649 1062 726 500,
1101 649 1483 707 contumaces
1515 645 1883 706 coercendos
1921 648 2115 706 Prom.
2146 649 2327 721 1024,
2363 648 2544 723 1049,
2580 649 2760 721 1075,
2796 648 2978 722 1095,

733 753 893 812 1116
919 767 1028 827 sq.,
1081 748 1420 828 puniendos
1473 750 1742 810 homines
1787 749 2000 826 impios
2054 754 2113 808 et
2157 747 2539 824 superbiores
2596 749 2793 808 Prom.
2836 750 2976 825 694,

728 854 842 929 Ag.
873 851 1085 929 47522,
1127 851 1292 929 Sept.
1323 851 1530 914 41723.
1619 853 1711 912 De
1756 851 1932 911 domo
1978 852 2037 911 in
2085 870 2207 928 qua
2250 850 2474 911 fulmen
2521 870 2557 910 a
2602 851 2746 911 Iove
2790 868 2977 912 asser·

729 959 902 1016 vatur
948 956 1220 1016 Minerva
1265 954 1411 1015 dicit
1455 955 1623 1016 Eum.
1656 958 1799 1017 830.

898 1060 1170 1137 Aquila
1215 1059 1345 1118 avis
1391 1059 1550 1119 Iovis
1594 1075 1769 1118 sacra
1814 1060 1921 1118 est.
1997 1059 2261 1118 Vocatur
2301 1043 2453 1128 Διὸς
2493 1042 2753 1136 πτηνὸς
2790 1044 2976 1114 κύων

728 1165 925 1222 Prom.
961 1165 1150 1239 1054,
1194 1162 1308 1240 Ag.
1344 1165 1489 1231 1413
1561 1161 1756 1233 „Iovis
1800 1158 2077 1221 satelles“
2133 1161 2341 1221 Cicero
2387 1161 2569 1222 vertit
2610 1154 2974 1221 ‘Promethei

727 1260 945 1326 Soluti'
990 1266 1226 1342 aliquos
1269 1266 1529 1326 afferens
1573 1282 1784 1325 versus
1830 1263 1943 1342 frg.
1982 1266 2101 1325 193
2149 1262 2231 1338 (v.
2266 1260 2387 1336 12).

900 1367 1096 1426 Loca
1126 1367 1330 1427 Iovis
1361 1384 1570 1426 sacra
1614 1365 1780 1443 apud
1810 1365 2175 1442 Aeschylum
2222 1365 2373 1425 haec
2405 1365 2813 1426 inveniuntur:
2858 1365 2976 1423 Do-

732 1469 925 1530 donae
972 1487 1300 1546 quercuum
1351 1469 1655 1530 oraculum
1707 1464 2122 1547 Θεσπρωτοῦ
2166 1456 2320 1538 Διός
2365 1470 2562 1528 Prom.
2601 1472 2744 1544 856,
2787 1467 2978 1528 Athos

731 1591 903 1634 mons
949 1574 1063 1651 Ag.
1096 1577 1239 1652 297,
1284 1573 1584 1634 Cenaeum
1633 1573 2111 1650 promunturium
2156 1570 2269 1647 frg.
2302 1576 2402 1647 27,
2446 1590 2551 1631 ara
2595 1571 2721 1631 eius
2767 1572 2823 1630 in
2872 1569 2980 1629 Ida

729 1679 931 1736 monte
985 1679 1290 1736 exstructa
1343 1674 1454 1750 frg.
1501 1678 1638 1736 155.
1729 1676 2050 1734 Praeterea
2094 1674 2363 1734 Athenas
2417 1662 2747 1752 φρούριον
2792 1669 2980 1731 θεῶν

731 1773 911 1856 νέμει
941 1780 1170 1856 Iupiter
1208 1780 1378 1839 Eum.
1409 1782 1552 1855 920,
1591 1778 1771 1853 Argis
1801 1761 2058 1846 ὕπατος
2085 1765 2306 1854 χώρας
2337 1777 2655 1836 invocatur
2697 1776 2806 1852 Ag.
2839 1780 2980 1853 514,

732 1882 1051 1996 Aegyptiis
1097 1877 1260 1941 Δῖον
1302 1870 1660 1959 πάμβοτον
1706 1867 1909 1950 ἄλσος
1954 1878 2174 1940 dicitur
2219 1877 2405 1957 Supp.
2436 1883 2578 1941 567.

1073 2051 1108 2122 ἓ
1149 2054 1206 2113 8.
1274 2051 1337 2123 d)
1392 2046 1594 2111 Iovis
1639 2052 2016 2128 coniugia,
2062 2049 2230 2128 filii,
2275 2052 2635 2127 prognati.

902 2173 1185 2233 Uxores
1232 2171 1388 2231 Iovis
1446 2189 1576 2231 esse
1634 2170 1971 2247 Aeschylus
2024 2171 2133 2230 has
2179 2175 2628 2251 commemorat:
2695 2171 2979 2232 Iunonem

731 2274 844 2350 frg.
878 2276 1020 2349 329,
1065 2273 1248 2350 Supp.
1282 2277 1425 2349 306,
1475 2272 1546 2330 cf.
1592 2272 1761 2331 Eum.
1794 2276 1936 2349 214,
1983 2272 2096 2348 frg.
2128 2276 2238 2347 523
2285 2273 2497 2332 Maiam
2540 2273 2823 2332 Mercurii
2868 2291 2981 2330 ma-

735 2381 886 2435 trem
935 2375 1048 2452 frg.
1082 2379 1232 2452 3873
1278 2375 1578 2435 Electram
1612 2374 1985 2434 Erichthonii
2018 2377 2264 2434 matrem
2305 2374 2418 2452 frg.
2449 2374 2647 2445 437243
2695 2375 2757 2436 Io
2788 2375 2983 2434 Prom.

735 2481 854 2538 615
880 2495 987 2554 sq„
1031 2476 1215 2554 Supp.
1259 2476 1779 2553 saepenumero25,
1825 2479 2071 2535 matrem
2106 2477 2340 2553 Epaphi
2389 2477 2580 2536 Prom.
2614 2480 2759 2553 877,
2802 2478 2983 2553 Supp.

732 2583 841 2655 48;
893 2580 1164 2641 Thaliam
1221 2584 1466 2639 matrem
1514 2579 1851 2639 Palicorum
1900 2579 2144 2639 deorum
2193 2578 2526 2640 Siculorum
2586 2580 2699 2658 frg.
2740 2582 2803 2650 53
2869 2581 2983 2639 Eu-

737 2702 946 2759 ropam
1003 2687 1246 2743 matrem
1295 2682 1536 2760 Minois,
1588 2682 2084 2759 Radamanthyis,
2135 2681 2502 2759 Sarpedonis
2561 2682 2672 2759 fr'g.
2715 2682 2985 2760 papy1·.‘²⁶

739 2787 1063 2847 Praeterea
1117 2785 1439 2846 identidem
1494 2786 1552 2844 in
1610 2786 1972 2845 Prometheo
2028 2786 2194 2859 (790,
2243 2790 2366 2847 940
2390 2804 2499 2863 sq.,
2542 2790 2684 2862 979,
2730 2785 2802 2845 cf.
2839 2782 2983 2857 183)

739 2890 958 2950 mentio
1003 2889 1069 2949 fit
1122 2887 1281 2969 illius
1326 2887 1586 2965 coniugii
1635 2906 1671 2946 a
1719 2889 1862 2949 Iove
1908 2888 2099 2965 petiti,
2148 2888 2311 2965 quod
2366 2890 2478 2947 nisi
2525 2890 2741 2949 vitaret
2784 2888 2985 2949 vatici·

738 2991 899 3051 nium
947 2994 1078 3051 erat
1124 2990 1273 3069 fore,
1317 2993 1384 3050 ut
1429 2989 1586 3049 filius
1633 2991 1762 3067 ipso
1809 2992 2113 3068 potentior
2158 2990 2593 3051 nasceretur27.
2650 2992 2657 2997 ’

907 3112 998 3171 Ex
1047 3112 1075 3172 f
1085 3112 1236 3171 iliis
1281 3110 1440 3172 Iovis
1488 3112 1848 3189 Mercurius,
1893 3112 2335 3190 Erichthonius,
2379 3112 2564 3171 Palici
2611 3111 2785 3172 modo
2832 3130 2985 3171 com·

734 3214 1042 3273 memorati
1098 3218 1268 3290 sunt,
1329 3213 1403 3273 de
1449 3214 1749 3274 Mercurio
1806 3214 1884 3273 cf.
1932 3214 2107 3274 etiam
2163 3215 2358 3275 Prom.
2399 3218 2541 3290 979,
2589 3218 2770 3276 1001.
2845 3214 2986 3273 Vul-

734 3334 920 3377 canus
966 3317 1122 3377 Iovis
1165 3316 1321 3376 filius
1367 3316 1583 3376 dicitur
1629 3318 1827 3377 Prom.
1856 3322 1916 3394 4,
1953 3321 2053 3394 40,
2094 3321 2197 3394 53,
2241 3317 2464 3395 Apollo
2511 3317 2679 3377 Eum.
2716 3321 2813 3393 19,
2856 3318 2985 3375 Pan

734 3418 850 3496 frg.
892 3419 1055 3497 2928,
1111 3419 1407 3480 Hercules
1459 3419 1572 3495 frg.
1612 3424 1756 3497 201,
1802 3420 2100 3496 Amphion
2146 3419 2306 3496 Sept.
2348 3423 2488 3481 515.
2575 3418 2812 3479 Filiae
2858 3418 2986 3479 eius

733 3527 898 3581 sunt:
957 3523 1230 3582 Minerva
1275 3520 1436 3599 Sept.
1472 3525 1611 3597 120,
1657 3524 1827 3582 Eum.
1860 3525 2003 3599 418,
2050 3526 2201 3595 667;
2248 3522 2443 3581 Diana
2487 3523 2599 3600 Ag.
2636 3526 2772 3592 141;
2821 3515 2983 3601 Δίκη

744 3623 902 3701 Sept.
937 3628 1078 3703 649,
1125 3624 1229 3686 Ch.
1262 3628 1404 3686 948.
1478 3624 1672 3685 Niobe
1718 3625 1920 3685 Iovem
1965 3620 2293 3702 πατρῷον
2339 3623 2485 3685 dicit
2529 3623 2645 3701 frg.
2679 3628 2817 3686 155.

929 3749 1191 3807 Adnot.
1227 3754 1286 3821 1)
1356 3752 1441 3807 De
1494 3752 1630 3807 Iove
1677 3749 2005 3822 Aeschyleo
2058 3751 2472 3807 disseruerunt:
2538 3751 2825 3819 Welcker,
2878 3750 2989 3805 tril.

737 3855 794 3908 p.
819 3843 882 3892 92
905 3854 1006 3908 sq.;
1048 3839 1316 3907 Klausen,
1352 3837 1522 3892 theol.
1547 3837 1757 3893 Aesch.
1793 3854 1845 3908 p.
1874 3842 1938 3891 65
1960 3852 2060 3905 sq.3
2104 3835 2323 3903 Stacke,
2358 3837 2557 3914 Jahn’s
2595 3835 2813 3891 Archiv
2856 3842 2981 3892 1851

736 3923 894 3992 (Jbb.
933 3922 1108 3992 Supp.
1133 3926 1222 3992 17)
1269 3940 1321 3993 p.
1343 3928 1440 3978 406
1463 3938 1564 3992 sq.3
1612 3922 1863 3988 Dronke,
1907 3922 2039 3976 Jbb.
2066 3922 2102 3975 f.
2129 3921 2330 3976 Philol.
2371 3920 2567 3992 Suppl.
2592 3920 2673 3975 IV
2691 3923 2891 3990 (1861),
2934 3938 2989 3990 p.

739 4017 766 4064 7
787 4025 888 4079 sq.;
933 4008 1206 4077 Schwarz,
1254 4008 1344 4063 die
1381 4009 1747 4076 Darstellung
1782 4007 1883 4062 des
1917 4006 2056 4063 Zeus
2100 4007 2173 4062 im
2209 4007 2575 4062 Prometheus
2609 4007 2710 4062 des
2736 4004 2989 4077 Aeschy-

738 4094 846 4162 lus,
880 4095 1070 4163 Progr.
1099 4094 1422 4149 Salzwedel.
1464 4098 1610 4148 1875.
1684 4091 1772 4149 cf.
1811 4093 1976 4147 etiam
2014 4092 2484 4161 Preller-Robert,
2521 4092 2617 4147 Gr.
2648 4092 2821 4162 myth.
2855 4092 2899 4161 I,
2934 4109 2988 4162 p.
3072 4146 3074 4149 ⁴

743 4186 855 4235 153.
917 4178 1001 4235 Cf.
1037 4180 1165 4234 adn.
1191 4186 1239 4233 5.
1275 4211 1343 4219 —
1379 4179 1569 4233 Miram
1595 4178 1927 4233 sententiam
1966 4179 2036 4234 de
2073 4179 2208 4232 Iove
2234 4178 2559 4249 Aeschyleo
2596 4177 2829 4235 Godofr.
2855 4179 2989 4234 Her·

742 4281 980 4322 mannus
1011 4266 1248 4336 protulit
1281 4266 1376 4333 (dc
1407 4267 1587 4321 Prom.
1614 4264 1883 4335 Aeschyl.
1920 4270 2066 4334 1845,
2102 4282 2233 4336 opp.
2259 4265 2411 4332 VIII,
2448 4283 2503 4335 p.
2532 4268 2672 4335 146),
2707 4265 2989 4321 adductus

741 4351 1071 4407 diversitate
1107 4366 1251 4421 quse
1277 4352 1422 4413 inter
1446 4350 1598 4412 Iovis
1624 4366 1823 4421 mores,
1861 4352 2057 4424 quales
2080 4350 2139 4406 in
2163 4351 2493 4407 Prometheo
2520 4352 2727 4406 Vincto
2764 4357 2823 4406 et
2858 4366 2989 4421 qus-
