3409 5200
2618 431 2695 489 25

501 620 510 641 1
614 595 668 654 4)
724 590 998 647 Consulto
1041 589 1201 644 omisi
1253 591 1427 659 Supp.
1463 595 1587 658 254,
1633 605 1758 644 cum
1797 581 2007 660 Ἑρμοῦ
2058 589 2170 644 illic
2216 589 2522 659 genuinum
2572 605 2699 646 esso

441 692 546 745 pro
590 676 792 730 tradito
827 667 1005 748 ἧερου
1051 691 1161 729 non
1201 675 1281 730 ita
1315 676 1541 746 probari
1579 691 1750 746 posse
1787 674 1918 729 mihi
1958 675 2239 732 videatur.
2284 681 2348 730 ut
2382 675 2561 730 omnis
2597 676 2695 730 du·

441 762 652 818 bitatio
687 769 899 818 remota
937 761 1025 818 sit.
1479 752 1483 758 ’

615 849 671 917 5)
723 847 904 904 Schol.
931 848 1223 917 Aristoph.
1262 845 1364 902 hoc
1401 852 1658 903 testatur.
1720 847 1805 902 Cf.
1844 847 1972 903 adn.
2001 853 2046 902 2.

823 929 856 957 .
1874 935 1885 945 .

1335 1071 1443 1138 10.
1485 1071 1805 1152 ,Θέμιςῑ.

615 1215 649 1284 ᾗ
691 1219 789 1275 21.
867 1213 1040 1274 Haud
1101 1215 1180 1273 ita
1237 1215 1425 1274 multa
1480 1212 1554 1274 de
1613 1212 1906 1274 Themide
1962 1212 2124 1290 apud
2183 1212 2543 1290 Aeschylum
2598 1231 2697 1272 cx-

425 1320 630 1394 ·stant,
685 1316 789 1376 sed
839 1316 1156 1377 admodum
1205 1315 1609 1377 memorabilia
1667 1322 1728 1376 et
1772 1334 1927 1394 quae
1986 1335 2104 1376 non
2152 1320 2395 1376 careant
2449 1313 2697 1374 difficul-

439 1419 683 1494 tatibus.
781 1420 932 1480 Nam
996 1438 1129 1479 cum
1188 1417 1367 1479 un'um
1430 1418 1709 1496 idemque
1764 1433 1980 1480 numen
2038 1435 2171 1479 esse
2225 1416 2575 1478 Themidem
2639 1421 2699 1476 ct

439 1522 744 1583 Tellurem
807 1519 1044 1582 dicatur
1107 1523 1303 1582 Prom.
1351 1525 1510 1599 226,
1574 1521 1696 1581 filia
1754 1515 1962 1590 Γαίας
2024 1521 2269 1590 Themis
2328 1518 2699 1597 significatur

446 1625 614 1684 Eum.
655 1631 692 1686 3
745 1620 928 1702 atque
983 1625 1326 1702 appellatur
1367 1614 1797 1702 ,παλαιγενὴς
1859 1617 2117 1694 Τιτανὶς
2170 1625 2367 1684 Prom.
2414 1626 2540 1684 900
2594 1619 2696 1694 (cf.

441 1729 612 1787 Eum.
653 1725 771 1800 6)².
857 1727 1201 1788 Promethei
1249 1732 1437 1789 mater
1482 1707 1729 1788 Themis
1774 1733 1867 1788 est
1910 1728 2104 1786 Prom.
2141 1729 2239 1802 18,
2286 1729 2427 1804 225,
2468 1729 2610 1788 900.

617 1833 706 1892 De
753 1832 985 1894 ratione
1045 1850 1203 1908 quae
1261 1832 1418 1891 inter
1463 1832 1664 1892 lovem
1721 1835 1782 1892 et
1827 1831 1984 1891 illam
2032 1831 2201 1890 deam
2248 1829 2582 1891 intercedat
2640 1830 2698 1889 in

441 1934 782 1994 Promethei
827 1934 1032 1994 fabula
1085 1932 1232 1994 nihil
1279 1934 1679 2011 comperimus
1736 1934 1845 1994 nisi
1893 1933 2056 2011 quod
2101 1933 2287 2009 hanc,
2341 1951 2697 2010 quamquam

440 2035 804 2114 Titanidem,
849 2037 1011 2097 illius
1040 2036 1313 2115 partibus
1343 2036 1568 2098 favisse
1607 2036 1859 2112 legimus
1905 2037 2100 2096 Prom.
2136 2040 2257 2098 225
2276 2055 2364 2113 sq.
2441 2036 2699 2096 Uxorem

441 2141 605 2200 Iovis
649 2141 708 2201 in
753 2134 1166 2200 ‘Prometheo'
1212 2145 1376 2200 certe
1422 2159 1549 2201 eam
1596 2140 1937 2216 Aeschylus
1983 2158 2102 2200 non
2151 2139 2496 2217 cogitavit3.

616 2243 897 2304 Praedita
925 2243 1171 2303 Themis
1203 2250 1296 2304 est
1339 2242 1725 2322 divinatione,
1770 2261 1889 2319 qua
1922 2260 2030 2302 usa
2060 2242 2480 2302 Prometheum
2512 2242 2697 2301 filium

445 2346 730 2406 vaticinia
783 2346 984 2423 docet,
1040 2348 1236 2406 Prom.
1279 2349 1422 2423 227,
1475 2350 1616 2408 900.
1716 2347 1813 2406 Sic
1870 2347 2043 2406 etiam
2101 2346 2346 2406 oraculo
2402 2346 2699 2422 Delphico

443 2448 584 2507 olim
643 2450 930 2526 praefuit,
992 2448 1152 2526 quod
1206 2469 1240 2508 a
1294 2449 1487 2513 Terra
1543 2455 1731 2509 matre
1793 2449 2023 2525 recepit
2086 2448 2452 2525 donavitque
2509 2449 2700 2508 sorori

443 2550 744 2628 Phoebae,
791 2552 959 2613 Eum.
991 2556 1138 2630 2sq.
1217 2552 1576 2629 Appellatur
1622 2535 2053 2631 ὀρθόβουλος
2096 2553 2292 2612 Prom.
2331 2555 2423 2641 18.

614 2679 878 2737 Adnot.
915 2684 965 2752 1)
1021 2682 1104 2737 Cf.
1145 2682 1430 2751 Klausen.,
1469 2682 1637 2737 theol.
1674 2697 1727 2750 p.
1756 2687 1821 2737 34
1842 2698 1925 2751 sq.

615 2770 672 2837 2)
725 2768 812 2823 De
859 2768 962 2823 hac
1006 2767 1416 2837 discrepantia,
1465 2768 1768 2837 praecipue
1818 2768 1889 2823 de
1938 2769 2112 2823 Prom.
2151 2784 2201 2823 v.
2242 2773 2339 2822 226
2388 2766 2519 2822 vide
2561 2767 2593 2836 ᾖ
2636 2772 2700 2821 46

451 2854 644 2909 adnot.
683 2858 728 2909 2.
2009 2845 2019 2857 .

617 2943 672 3006 3)
725 2938 845 2995 Hoc
881 2938 1126 2995 efficitur
1175 2955 1243 2995 ex
1281 2942 1364 2995 eis
1401 2939 1743 3007 rationibus,
1794 2955 1937 3008 (litae
1974 2944 2033 2994 et
2067 2939 2216 2994 inter
2252 2940 2441 2994 Iovem
2481 2946 2539 2993 ct
2574 2940 2702 2995 Pro-

447 3023 724 3079 metheum
778 3030 838 3079 et
879 3024 1027 3080 inter
1072 3024 1399 3079 Themidem
1448 3032 1506 3080 et
1553 3025 1941 3080 Prometheum
1988 3024 2290 3094 finguntur.
2364 3023 2450 3078 Cf.
2490 3024 2558 3078 de
2602 3025 2703 3079 hac

448 3110 780 3177 ‹luaestione
829 3110 1196 3165 disserentem
1244 3110 1311 3165 H.
1344 3112 1403 3164 L.
1438 3108 1809 3178 Ahrensium,
1860 3110 2044 3165 Ueber
2088 3110 2178 3164 die
2223 3109 2421 3164 Glittin
2460 3108 2703 3175 Themis,

447 3196 701 3250 Hannov.
728 3200 875 3264 1862,
899 3212 952 3265 p.
981 3202 1029 3251 8.
1080 3196 1249 3251 Adde
1277 3195 1570 3263 Keckium,
1595 3194 1709 3249 Der
1734 3195 1902 3251 theol.
1923 3194 2081 3251 Char.
2110 3196 2211 3250 des
2238 3195 2383 3249 Zeus
2410 3195 2466 3249 in
2494 3194 2700 3250 Aesch.

447 3282 645 3351 Prom„
683 3300 736 3353 p.
765 3288 846 3351 23,
884 3288 941 3338 et
976 3282 1046 3337 cf.
1085 3298 1255 3352 supra
1291 3286 1370 3349 §1
1413 3282 1540 3336 adn.
1569 3288 1613 3337 6.
1653 3308 1721 3323 --·
1764 3282 1958 3353 Suppl.
1994 3287 2091 3337 364
2131 3277 2322 3337 ἱκεσία
2362 3276 2534 3348 Θέμις
2571 3275 2703 3347 Διὸς

445 3366 686 3439 κλαρίου
733 3368 1037 3424 invocatur.
1120 3368 1232 3424 Sed
1267 3373 1421 3424 recte
1467 3367 1795 3423 Welckerus
1842 3368 1978 3435 (tril.
2015 3385 2067 3436 p.
2095 3373 2159 3422 39
2201 3368 2326 3422 adn.
2361 3371 2451 3433 49)
2499 3373 2701 3436 monet,

445 3452 533 3507 hie
566 3468 680 3507 non
712 3453 782 3508 de
808 3453 914 3508 dea
937 3452 1198 3508 Titanide
1235 3453 1592 3522 cogitandum
1621 3468 1763 3517 esse,
1802 3452 1901 3507 sed
1940 3451 2241 3522 allegorice
2278 3458 2499 3521 poetam
2527 3451 2693 3520 loqui.

445 3540 626 3604 Quare
666 3538 866 3593 rectior
901 3537 1034 3592 mihi
1061 3538 1285 3593 videtur
1321 3538 1600 3608 scriptura
1637 3532 1811 3605 θέμις
1846 3542 1931 3605 (ut
1967 3537 2141 3607 Supp.
2170 3543 2252 3607 37,
2289 3539 2437 3606 444);
2478 3552 2554 3592 se.
2584 3533 2697 3591 ἱκε-

447 3620 543 3677 σία
582 3617 752 3689 θέμις
787 3618 922 3686 Διός
959 3638 1060 3692 pro
1100 3617 1244 3687 Ζεὺς
1279 3620 1582 3690 θεμίστιος
1618 3620 1719 3677 καὶ
1758 3617 1976 3687 ἱκέσιος
2011 3621 2387 3692 metaphorice
2425 3621 2649 3676 dicitur.

1364 3844 1466 3912 11.
1526 3846 1785 3931 Δίκηῑ.

615 3989 650 4059 ἓ
693 3993 790 4051 22.
864 3989 1019 4049 Filia
1057 3983 1218 4067 Λίκη
1265 3988 1484 4049 dicitur
1529 3990 1689 4049 lovis
1734 3990 1893 4066 Sept.
1930 3992 2073 4065 649,
2119 3988 2223 4049 Ch.
2256 3992 2401 4067 948,
2444 3984 2699 4068 παρθέ-

446 4106 561 4161 νος
600 4091 760 4169 Sept.
787 4095 928 4169 649,
971 4095 1030 4151 et
1061 4092 1195 4151 talis
1228 4093 1385 4168 picta
1417 4111 1490 4152 ea
1519 4096 1609 4152 est
1638 4092 1697 4150 in
1731 4092 2037 4169 Polynicis
2069 4095 2237 4151 scuto
2279 4091 2438 4168 Sept.
2467 4097 2589 4154 632
2614 4111 2700 4170 sq.

447 4194 662 4256 Cetera
706 4199 932 4272 autem,
976 4213 1375 4271 quaecunque
1421 4193 1496 4255 de
1546 4214 1618 4255 ea
1664 4194 1827 4273 apud
1874 4194 2238 4272 Aeschylum
2286 4200 2551 4273 exstant,
2597 4196 2700 4255 vix

445 4296 609 4357 aliud
654 4297 978 4375 quidquam
1037 4316 1164 4357 eam
1212 4316 1348 4358 esse
1395 4296 1696 4375 Aeschylo
1744 4296 2073 4359 ostendunt
2126 4302 2308 4375 atque
2357 4297 2699 4359 universam

446 4400 589 4460 iuris
649 4400 948 4461 notionem
1009 4400 1212 4461 divina
1265 4401 1463 4479 specie
1523 4400 1813 4463 indutam.
1901 4400 2070 4476 Quae
2122 4399 2248 4461 fere
2296 4400 2493 4461 omnia
2546 4401 2700 4463 eius-
