3409 5200
2697 382 2730 437 7

491 552 686 611 Prom.
727 553 852 612 250
879 567 971 627 sq.
1061 549 1251 624 Quem
1311 553 1377 608 ut
1429 549 1541 609 sibi
1601 547 2013 622 oboedientem
2075 548 2314 627 reddat,
2372 547 2737 625 gravissimis

493 654 804 730 suppliciis
851 653 1080 729 Iupiter
1125 652 1390 728 exagitat
1435 669 1632 729 neque
1662 655 1859 711 tamen
1907 651 2009 711 diu
2055 651 2339 729 frangere
2371 656 2568 729 potest
2611 652 2738 712 eius

492 756 754 816 animum
814 755 1189 816 obstinatum.
1278 755 1410 814 Hoc
1461 755 1769 830 praeclare
1827 753 2097 832 depingit
2154 758 2332 832 poe-ta
2391 773 2502 831 per
2554 758 2735 814 totam

492 859 756 920 fabulam
811 849 1223 918 ‘Promethei’.
1309 857 1458 918 Vide
1517 863 1759 935 praeter
1812 862 2045 918 ceteros
2099 875 2197 918 vr.
2242 861 2403 919 1075
2433 875 2520 934 sq.
2618 855 2738 916 Sed

494 963 678 1022 multo
725 967 992 1038 tempore
1048 961 1459 1037 praeterlapso
1511 961 1570 1020 in
1618 961 1869 1037 gratiam
1917 961 2089 1020 Iovis.
2135 959 2293 1020 redit
2344 958 2737 1020 Prometheus

493 1063 808 1125 Titanibus
851 1064 966 1122 iam
1013 1066 1192 1124 antea
1236 1082 1270 1123 e
1313 1062 1569 1124 vinculis
1614 1063 1847 1134 solutis;
1894 1062 2009 1140 frg.
2048 1066 2187 1139 191,
2228 1062 2404 1124 1939.

797 1218 832 1289 ἓ
873 1221 927 1279 2.
998 1215 1056 1291 b)
1111 1218 1308 1279 Iovis
1354 1221 1653 1296 natura,
1697 1235 1959 1295 mores,
2004 1218 2438 1278 auctoritas.

630 1335 780 1396 'Vis
825 1339 894 1396 et
936 1335 1282 1413 potentia.
1370 1338 1463 1396 De
1494 1337 1552 1396 vi
1598 1338 1920 1396 et-natura
1960 1335 2116 1397 Iovis
2163 1335 2281 1395 duo
2328 1335 2444 1395 loci
2475 1335 2738 1411 Aeschy-

492 1431 566 1499 lei
608 1438 780 1498 valde
827 1439 1240 1499 memorabiles
1288 1442 1456 1499 sunta
1511 1440 1621 1517 Ag.
1657 1443 1779 1500 170
1801 1453 1907 1515 sq.:
1952 1427 2116 1509 Ζεύς
2146 1423 2329 1508 ὅστις
2358 1421 2515 1496 ποτ’
2536 1430 2740 1510 ἐστίν,

495 1533 551 1600 εἰ
594 1526 744 1600 τόδ’
778 1526 999 1620 αὐτῷ
1055 1535 1258 1616 φίλον
1311 1535 1722 1620 κεκλημένῳ,
1761 1534 1773 1620 Ι
1820 1528 2028 1600 τοῦτό
2077 1557 2184 1600 νιν
2237 1533 2735 1620 προςεννέπω.ἰ

494 1629 620 1702 οὐκ
677 1634 808 1722 ἔχω
864 1629 1297 1722 προςεικὰσαι
1345 1635 1354 1722 j
1402 1629 1602 1701 πάντ’
1645 1632 2241 1722 ἐπισταθμώμενος
2291 1638 2301 1722 Ι
2347 1628 2527 1720 πλὴν
2571 1631 2741 1717 Διός,

495 1739 552 1805 εἰ
596 1737 673 1805 τὸ
717 1735 936 1825 μάταν
975 1739 986 1823 1
1027 1729 1162 1805 ἀπὸ
1209 1740 1574 1823 φροντίδος
1630 1731 1841 1823 ἄχθος
1880 1742 1889 1824 Ι
1925 1733 2049 1824 χρὴ
2098 1743 2327 1819 βαλεῖν
2380 1734 2741 1826 ἐτητύμως,

495 1854 553 1910 et
600 1849 810 1926 fragm.
850 1852 928 1910 65
961 1864 1022 1908 a:
1069 1837 1236 1920 Ζεύς
1275 1839 1457 1907 ἐστιν
1499 1836 1725 1929 αἰθήρ,
1771 1834 1935 1919 Ζεὺς
1981 1843 2052 1908 δὲ
2096 1846 2196 1928 γῆ,
2245 1839 2406 1920 Ζεὺς
2453 1834 2512 1907 ‹5'
2542 1833 2742 1928 οὐρα-

497 1941 636 2024 νός,
677 1945 685 2030 Ι
737 1941 901 2021 Ζεύς
958 1967 1067 2010 τοι
1127 1938 1210 2010 τὰ
1262 1940 1490 2024 πάντα
1545 1939 1712 2028 χῶτι
1766 1936 1975 2010 τῶνδ’
2018 1935 2410 2031 Ιιῖ’.7τέρτερον.
2512 1951 2743 2027 Quibus

495 2073 784 2114 summum
833 2059 1015 2131 atque
1061 2054 1396 2116 absolutum
1430 2054 1731 2132 quoddam
1765 2073 1983 2115 numen
2032 2055 2235 2114 Iovem
2284 2053 2429 2114 dicit
2474 2054 2743 2115 similiter

495 2176 564 2216 ac
618 2156 959 2234 philosophi
1015 2157 1088 2217 de
1145 2176 1214 2218 eo
1277 2157 1590 2218 docebant.
1677 2157 1750 2216 Vi
1808 2161 1867 2217 et
1919 2157 2135 2218 robore
2193 2158 2401 2217 multo·
2438 2162 2742 2234 praestan-

440 2257 443 2259 ’
495 2261 702 2321 tiorem
752 2279 881 2320 esse
935 2261 1137 2321 Iovem
1193 2261 1466 2321 omnibus
1514 2239 1729 2320 ceteris
1785 2266 1845 2322 et
1889 2260 2016 2321 deis
2070 2265 2129 2320 et
2174 2259 2562 2321 daemonibus
2618 2279 2741 2320 sae-

495 2364 740 2439 pissime
785 2363 1122 2446 Aeschylus
1167 2364 1489 2440 praedicat.
1578 2365 1688 2424 Est
1729 2352 2116 2442 παγκρατής
2160 2363 2318 2441 Sept.
2351 2368 2492 2440 241,
2536 2359 2744 2440 Suppl.

496 2471 651 2544 823,
707 2467 875 2526 Eum.
916 2470 1068 2544 919,
1125 2466 1196 2525 cf.
1247 2467 1450 2544 Suppl.
1501 2470 1690 2540 1046;
1751 2452 2137 2544 ἀμφιθαλής
2191 2466 2295 2527 ch.
2338 2467 2506 2540 3933·
2546 2451 2744 2525 οὐδὲν

497 2553 894 2648 ἀσθμαίνων
919 2563 1100 2648 μένει
1133 2570 1300 2631 Eum.
1327 2573 1476 2641 6543
1519 2563 1774 2629 τελέων
1803 2558 2237 2630 τελειότατον
2265 2555 2513 2649 κράτος
2558 2569 2741 2649 Supp.

497 2675 647 2750 5353
691 2667 1024 2749 ‘nunquam
1055 2672 1130 2757 ab
1161 2672 1275 2732 alio
1309 2666 1529 2733 victus’
1575 2673 1743 2751 Sept.
1775 2676 1919 2751 501,
1962 2673 2074 2751 Ag.
2110 2676 2247 2735 183.
2334 2672 2745 2733 Reformidant-

496 2774 623 2835 eius
681 2776 1008 2853 potentiam
1065 2776 1245 2835 ceteri
1301 2774 1425 2853 dei,
1484 2780 1549 2836 ut
1605 2777 1665 2835 in
1722 2776 2065 2837 Promethei
2117 2777 2367 2853 prologo
2423 2774 2743 2836 identidem

497 2876 822 2957 ostendunt
869 2877 1176 2938 Vulcanus
1229 2882 1289 2938 et
1332 2878 1538 2938 Robur
1592 2876 1753 2952 (vide
1800 2883 2039 2955 practer
2083 2882 2317 2939 ceteros
2363 2896 2461 2938 vv.
2500 2882 2600 2955 40,
2647 2882 2752 2957 68,

497 2984 606 3041 50:
664 2969 1026 3058 ἐλεύθερος
1079 2969 1204 3059 γὰρ
1264 2968 1449 3051 οὔτις
1506 2972 1644 3039 ἐστὶ
1697 2966 1878 3058 πλὴν
1924 2970 2129 3059 Διός),
2190 2980 2404 3041 deinde
2468 2979 2744 3041 Oceanus

495 3085 692 3143 Prom.
734 3088 854 3146 327
875 3102 965 3161 sq.
1019 3087 1079 3144 et
1135 3082 1468 3144 Oceanides
1518 3087 1635 3145 196
1668 3100 1776 3161 sq„
1824 3087 1945 3146 543
1977 3102 2064 3159 sq.
2152 3084 2583 3161 Prometheus,
2644 3085 2744 3161 qui

498 3204 624 3245 eam
685 3204 816 3246 sese
869 3204 990 3246 non
1049 3186 1254 3245 timere
1312 3187 1519 3263 iactet,
1576 3190 1776 3246 tamen
1823 3205 1888 3246 re
1933 3204 2079 3245 vera
2134 3203 2259 3245 eam
2306 3186 2742 3246 acerbissimam

497 3290 692 3349 sentit.
781 3290 857 3347 Et
902 3290 1029 3366 ipse
1076 3290 1218 3349 Iove
1262 3288 1503 3348 nolente
1550 3308 1681 3350 sese
1730 3290 1880 3349 solvi
1912 3308 2032 3349 non
2063 3307 2241 3366 posse
2286 3289 2506 3349 fatetur
2550 3289 2743 3349 Prom.

498 3396 638 3454 274.
697 3386 1077 3451 ‘Hominibus
1109 3409 1242 3451 eum
1278 3410 1406 3451 esse
1441 3410 1511 3453 eo
1537 3392 1727 3470 magis
1753 3386 2288 3471 δυσπολέμητον’
2338 3391 2573 3469 (Suppl.
2604 3396 2747 3469 656,

497 3496 573 3555 cf.
615 3497 813 3555 Prom.
845 3494 992 3560 570)
1039 3498 1507 3555 cousentaneum
1541 3499 1648 3555 est.
1738 3496 1954 3572 Neque
1984 3499 2181 3555 tamen
2227 3493 2515 3554 infinitam
2546 3494 2747 3572 putari

495 3598 569 3663 ab
602 3598 905 3675 Aeschylo
952 3598 1112 3658 Iovis
1156 3599 1484 3676 potentiam
1532 3616 1664 3659 esse
1711 3599 1809 3657 vel
1856 3598 2056 3674 potius
2101 3616 2337 3675 semper
2377 3596 2563 3657 fuisse
2608 3596 2745 3657 inde

496 3700 798 3777 videmus,
865 3699 1028 3777 quod
1093 3701 1223 3778 ipse
1287 3701 1514 3778 Iupiter
1582 3702 1879 3761 Mercurio
1941 3700 2015 3760 ad
2080 3699 2500 3761 Prometheum
2569 3699 2745 3760 misso

497 3802 716 3875 (Prom.
751 3806 872 3865 979
895 3800 1006 3879 sq.)
1069 3802 1345 3863 concedit
1403 3801 1531 3863 fieri
1592 3820 1800 3882 posse,
1866 3806 1930 3862 ut
1988 3803 2202 3880 aliquis
2261 3802 2391 3879 ipso
2446 3802 2746 3879 potentior

498 3903 736 3981 existat,
777 3906 975 3964 Prom.
1008 3907 1132 3965 940
1151 3902 1301 3981 sq.¹⁰
1389 3904 1668 3965 Ceterum
1718 3904 1792 3964 de
1838 3902 2055 3965 finibus
2099 3903 2400 3981 potentiae
2445 3903 2573 3963 eius
2628 3922 2744 3964 me-

499 4006 818 4067 morabiles
861 4010 1002 4067 sunt
1047 4007 1222 4067 etiam
1269 4007 1440 4067 Eum.
1486 4026 1581 4067 vv.
1615 4010 1736 4068 652
1758 4025 1846 4083 sq.

669 4142 703 4212 ἓ
747 4148 800 4204 3.
885 4142 1210 4204 Omnium
1267 4161 1500 4203 rerum
1563 4148 1809 4204 rector
1869 4148 1940 4205 et
1992 4142 2403 4204 moderator
2461 4143 2746 4222 Iupiter

499 4245 661 4323 apud
709 4246 1070 4323 Aeschylum
1127 4247 1470 4324 saepissime
1534 4246 1935 4321 significatur:
1998 4246 2158 4322 Sept.
2198 4250 2345 4320 6013
2398 4247 2563 4307 Pers.
2604 4249 2747 4324 535,

504 4352 645 4427 742,
691 4352 834 4426 9173
878 4350 1072 4409 Prom.
1107 4352 1249 4427 542,
1296 4352 1418 4411 569
1465 4336 1643 4423 (Διὸς
1689 4332 2025 4427 ἁρμονία);
2070 4348 2253 4427 Supp.
2285 4352 2365 4411 89
2387 4366 2492 4426 sq„
2538 4352 2615 4410 95
2638 4367 2744 4427 sq„
