3409 5200
2701 391 2869 477 93

490 589 633 648 tium
687 587 1015 663 ulciscitur,
1060 588 1172 664 Ag.
1215 592 1316 664 61,
1363 592 1504 666 374,
1552 592 1698 658 7473
1766 574 2079 665 άγοραῑος
2139 588 2241 664 qui
2298 586 2602 648 civitatum
2659 588 2743 646 in-

490 691 700 749 stituta
744 696 916 750 curat
961 692 1130 750 Eum.
1163 695 1314 767 9743
1374 682 1721 764 ξυνέστιος
1768 691 1879 767 Ag.
1915 693 2065 764 706;
2119 673 2427 766 ἀφίκτωρ
2474 688 2655 766 Supp.
2691 695 2741 760 13

493 784 738 863 ἱκέσιος
783 793 970 870 Supp.
1001 797 1143 870 349,
1184 797 1336 867 624;
1382 781 1574 870 ἱκτήρ
1617 791 1801 869 Supp.
1834 796 1975 869 4873
2023 782 2283 862 ἱκταῑος
2328 791 2513 869 Supp.
2545 792 2743 867 39018,

489 899 691 958 Paene
737 897 1010 957 omnibus
1057 897 1146 956 his
1195 897 1372 972 locis,
1429 895 1528 955 ubi
1583 895 1917 973 supplicum
1967 895 2248 956 defensor
2296 896 2523 972 Iupiter
2568 915 2741 957 voca-

489 1004 614 1075 tur,
667 999 1084 1074 gravissimum
1131 998 1263 1058 eius
1306 981 1518 1056 κότον
1565 1015 1694 1058 esse
1750 998 2039 1073 premitur
2083 999 2140 1057 in
2189 1015 2317 1075 eos,
2372 999 2475 1075 qui
2520 998 2742 1075 suppli-

491 1106 696 1162 cantes
752 1102 851 1162 vel
909 1103 1229 1178 neglegant
1285 1100 1381 1160 vel
1446 1096 1704 1160 laedant.
1804 1101 2001 1177 Rami,
2056 1101 2390 1178 supplicum
2452 1101 2742 1195 symbola

491 1197 754 1263 αἰδοίου
797 1190 949 1274 Διὸς
1003 1187 1346 1281 ἀγάλματα
1403 1203 1686 1264 dicuntur
1740 1205 1925 1279 Supp.
1970 1207 2119 1280 198,
2170 1204 2283 1281 ipsi
2330 1205 2742 1281 supplicantes

489 1299 700 1366 ἱκέται
743 1295 896 1376 Διὸς
949 1305 1136 1384 Supp.
1170 1310 1324 1382 649,
1377 1297 1638 1384 ι’κτορες
1681 1291 1897 1384 Ζηνός
1951 1307 2317 1384 661.1pse
2362 1307 2621 1384 Iupiter,
2676 1311 2743 1368 ut

487 1411 760 1470 iniuriam
809 1411 1148 1487 ulciscatur,
1201 1409 1416 1470 Furias
1460 1415 1522 1471 et
1561 1395 1753 1489 Ἄτην
1810 1409 2147 1470 hominibus
2204 1408 2381 1470 mittit
2430 1410 2542 1489 Ag.
2577 1410 2743 1488 56¹⁹,

492 1518 632 1590 747,
676 1513 780 1574 Ch.
813 1517 956 1575 381.

658 1617 851 1676 Etiam
909 1619 1118 1676 auctor
1177 1621 1237 1676 et
1297 1615 1574 1676 conditor
1634 1614 1808 1691 iuris,
1862 1616 2090 1692 legum,
2148 1615 2451 1676 civitatum
2514 1617 2741 1692 Iupiter

489 1718 804 1780 habendus
867 1723 975 1780 est.
1062 1719 1154 1779 Ab
1208 1719 1312 1778 illo
1368 1737 1543 1796 reges
1601 1722 1848 1796 ¹sceptra
1900 1723 1961 1778 et
2012 1718 2159 1778 solia
2211 1723 2579 1796 acceperunt
2630 1720 2739 1794 Ag.

488 1827 588 1900 43,
631 1823 800 1884 Eum.
832 1826 974 1899 629,
1016 1824 1182 1882 Pers.
1217 1826 1356 1884 764.
1446 1822 1538 1882 Ab
1579 1822 1788 1883 eodem
1834 1821 2066 1898 primus
2113 1823 2390 1899 expiatus
2430 1828 2521 1882 est
2566 1823 2737 1882 Ixion

487 1925 783 1986 homicida
827 1927 995 1986 Eum.
1029 1930 1180 2002 721;
1233 1929 1548 2003 praeterea
1593 1925 1669 1985 de
1716 1926 1858 1986 Iove
1905 1925 2217 2002 expiatore
2262 1925 2337 1985 cf.
2378 1925 2493 2026 ἧς.
2524 1930 2667 1987 340.

659 2047 694 2116 ξ
734 2050 792 2108 5.
873 2045 1152 2106 Summa
1205 2047 1406 2106 Iovis
1461 2045 1845 2122 sapientia.
1932 2046 2122 2105 Etiam
2171 2045 2431 2105 omnium
2478 2044 2738 2121 pruden-

487 2150 772 2209 tissimum
820 2153 880 2209 et
923 2150 1426 2225 sapientissimum
1487 2167 1618 2209 eum
1677 2149 1780 2225 qui
1827 2149 2027 2208 omnia
2070 2153 2242 2224 regat
2296 2166 2428 2208 esse
2487 2166 2736 2208 consen-

486 2258 725 2312 taneum
773 2256 864 2312 est
916 2253 1111 2312 Proui.
1154 2257 1266 2330 62,
1321 2251 1505 2329 Supp.
1553 2255 1735 2330 1059,
1790 2255 1971 2314 1068.
2059 2252 2473 2328 Quaecunque
2520 2252 2734 2328 Apollo

487 2356 846 2416 vaticinatur
900 2356 1142 2415 oracula
1185 2375 1221 2415 a
1261 2355 1404 2416 Iove
1430 2370 1433 2372 ·
1461 2357 1516 2416 ei
1555 2365 1967 2433 suggeruntur
2014 2355 2183 2414 Eum.
2214 2359 2335 2416 619
2358 2353 2623 2437 811.,,1“ι·ς.
2653 2359 2733 2415 82

486 2457 586 2531 (cf.
625 2460 794 2518 Eum.
829 2463 926 2536 17,
971 2463 1066 2536 19,
1114 2463 1254 2536 716,
1297 2456 1466 2531 801).
1553 2458 1957 2519 Nihilominus
2014 2459 2254 2536 ignorat
2308 2459 2533 2533 Iupiter
2590 2459 2738 2518 vati-

487 2562 703 2622 cinium
761 2561 836 2622 de
881 2562 1108 2640 nuptiis
1163 2562 1272 2622 sibi
1328 2561 1771 2623 imminentibus
1829 2562 2188 2623 Prometheo
2246 2565 2481 2639 notum,
2539 2563 2734 2624 Prom.

487 2670 608 2727 979
629 2684 714 2743 sq.
763 2664 927 2739 (vide
969 2665 1104 2726 adn.
1141 2661 1258 2741 14).

655 2788 690 2856 ἓ
737 2791 793 2847 6.
874 2786 1065 2845 Iovis
1123 2787 1558 2847 auctoritas.
1642 2786 1899 2863 Imperio
1955 2790 2253 2863 occupato
2313 2787 2733 2865 oppressisque

485 2888 914 2950 rebellionibus
977 2888 1204 2966 Iupiter
1263 2906 1578 2965 supremus
1637 2889 1883 2949 deorum
1945 2895 2243 2966 tamquam
2308 2908 2461 2967 rex,
2522 2893 2734 2964 pater

486 2993 857 3069 agnoscitur:
909 2981 1238 3070 πρύτανις
1279 2981 1605 3071 μακάρων
1646 2994 1848 3053 Prom.
1880 2996 2019 3069 182,
2060 2982 2395 3071 μόναρχος
2439 2978 2567 3051 οὐκ
2611 2976 2733 3051 ὑπ-

486 3084 778 3164 εύθυνος
831 3096 1028 3154 Prom.
1076 3098 1228 3171 340,
1297 3082 1464 3171 ἄναξ
1521 3084 1867 3169 ἀνάκτων,
1926 3084 2351 3174 μακάρτατος
2407 3080 2732 3174 μακάρων

483 3198 666 3275 Supp.
709 3201 860 3274 533,
902 3187 1125 3276 πατὴρ
1173 3194 1362 3257 θεῶν
1409 3198 1514 3258 Oh.
1549 3203 1691 3276 780,
1745 3182 2120 3277 Ὀλυμπίων
2167 3200 2334 3257 Eum.
2368 3203 2511 3276 621,
2563 3187 2733 3256 πάν-

481 3317 626 3359 των
666 3294 970 3378 μέγιστος
1014 3300 1118 3362 011.
1151 3304 1292 3379 244,
1337 3287 1621 3379 ὕψιστος
1667 3302 1841 3361 Ε11111.
1872 3305 1971 3374 28,
2013 3285 2325 3379 γαιάοχος
2368 3300 2555 3379 Supp.
2588 3306 2734 3378 823,

483 3388 793 3476 βασιλεὺς
847 3405 1010 3469 Pers.
1056 3406 1208 3479 535,
1258 3404 1368 3480 Ag.
1410 3403 1618 3466 36720.
1715 3406 1951 3482 Regnat
2012 3404 2227 3464 nullius
2286 3402 2533 3479 imperio
2594 3400 2731 3464 sub·

483 3507 700 3583 iectus,
755 3506 972 3565 nemini
1029 3505 1324 3566 obnoxius
1384 3506 1567 3585 Supp.
1611 3512 1732 3569 603
1762 3526 1851 3583 sq.
1939 3508 2031 3567 De
2078 3506 2224 3567 solio
2280 3513 2338 3566 et
2383 3506 2521 3566 aula
2575 3506 2731 3580 Iovis

479 3609 703 3669 ‘dicitur
748 3610 860 3686 Ag.
896 3612 1078 3683 1562,
1122 3608 1317 3670 Prom'.
1359 3613 1481 3671 942
1528 3608 1628 3683 (cf.
1671 3608 1840 3687 242),
1886 3610 2079 3670 Prom.
2114 3614 2253 3672 123.
2341 3609 2527 3670 Sedes
2570 3610 2730 3669 illius

483 3710 656 3769 aulae
689 3711 747 3769 in
781 3708 1038 3788 Olympo
1070 3710 1336 3788 putanda
1368 3718 1482 3786 est3
1529 3710 1602 3771 cf.
1643 3714 1837 3772 Prom.
1877 3716 2014 3789 157,
2060 3713 2165 3773 Ch.
2200 3716 2341 3791 780,
2387 3714 2555 3773 Eum.
2590 3717 2729 3774 621.

483 3814 747 3872 Deorum
793 3801 1125 3888 τύραννος
1170 3814 1314 3889 ipse,
1359 3811 1683 3873 dominatio
1730 3815 1857 3873 eius
1899 3809 2217 3893 τυραννίς
2270 3815 2509 3893 saepIus
2555 3833 2729 3875 voca-

483 3920 579 3975 tur
623 3916 683 3976 in
729 3916 1086 3976 Prometheo
1131 3916 1370 3976 Vincto:
1415 3935 1470 3976 v.
1505 3920 1601 3992 10,
1647 3920 1789 3993 238,
1835 3920 1977 3995 240,
2023 3921 2165 3995 321,
2211 3921 2354 3995 326,
2402 3922 2541 3994 762,
2588 3921 2730 3995 782,

484 4021 626 4095 941,
673 4022 813 4096 974,
862 4020 1025 4080 1028
1072 4017 1173 4093 (ef.
1214 4014 1449 4090 989)2¹.
2130 4005 2135 4009 ’
2342 4003 2349 4009 “

847 4172 881 4243 ἓ
924 4177 978 4234 7.
1043 4168 1101 4243 c)
1160 4174 1298 4233 Res
1343 4132 1544 4233 Iovis
1588 4174 1940 4251 propriae
1987 4178 2054 4235 et
2100 4192 2367 4264 secl-se.

651 4292 918 4369 Nubes,
970 4292 1271 4369 fulmen,
1326 4294 1668 4354 tonitrus.
1754 4294 1962 4355 Nubes
2005 4296 2166 4355 Iovis
2210 4295 2495 4356 dicuntur
2538 4295 2725 4375 Supp.

486 4396 607 4456 788
653 4392 755 4467 (cf.
795 4396 989 4455 Prom.
1026 4392 1240 4471 1025);
1295 4394 1542 4456 fulmina
1587 4402 1647 4457 et
1691 4396 1949 4458 tonitrus
1998 4399 2125 4457 eius
2172 4416 2339 4457 arma
2382 4402 2551 4476 sunt,
2596 4400 2724 4476 qui-
