3409 5200
699 431 778 487 26

697 596 856 658 modi
896 601 1052 669 sunt,
1100 601 1166 658 ut
1206 617 1325 658 non
1368 599 1562 658 minus
1597 599 2018 676 appellativam
2053 617 2257 658 vocem
2290 591 2495 677 ιδίκη’
2536 617 2715 676 quam
2756 600 2944 676 ipsam

697 702 866 762 deam
924 701 1382 778 intellegendam
1434 720 1566 762 esse
1621 706 1836 779 putare
1890 702 2205 779 possimne.
2294 703 2487 780 Magis
2533 703 2747 773 ceteris
2796 703 2945 762 haee

697 823 876 864 verae
925 805 1072 866 deae
1119 805 1608 884 significationem
1655 811 1919 866 servant.
2008 807 2097 864 De
2144 805 2349 865 eadem
2399 825 2579 883 quam
2618 805 2788 866 attuli
2835 806 2945 864 Po-

695 909 909 985 lynieis
957 910 1213 984 imagine
1260 909 1333 968 ab
1368 911 1617 969 Eteocle
1664 889 1903 983 dicitnr,
1949 927 2254 985 nunquam
2302 927 2429 968 eam
2478 891 2787 986 aspexisse
2833 910 2943 968 P-o-

694 1010 953 1088 lynicem
1011 1029 1100 1087 ac,
1145 1012 1195 1070 si
1238 1010 1521 1070 adiutura
1568 1012 1733 1071 illum
1781 1012 1882 1086 sit,
1927 1003 2275 1080 πανδίκως
2319 992 2446 1069 eam
2494 999 2943 1088 ψευδώνυμον

696 1107 902 1191 Δίκην
960 1112 1220 1173 futuram
1279 1132 1439 1190 esse,
1498 1112 1660 1189 Sept.
1707 1118 1831 1175 654
1861 1131 1949 1191 sq.
2036 1102 2522 1190 Μεγιστότιμος
2584 1131 2657 1173 ea
2712 1113 2945 1187 dicitur,

695 1218 866 1275 euius
930 1216 990 1275 in
1055 1218 1392 1293 praeceptis
1457 1216 1695 1277 tertium
1758 1219 2045 1292 seriptum
2110 1217 2183 1276 sit
2248 1201 2327 1274 τὸ
2392 1213 2534 1273 τῶν
2598 1205 2943 1274 τεκόντων

692 1313 884 1392 σέβας
929 1320 1112 1396 Supp.
1147 1324 1267 1380 715
1289 1337 1403 1396 sq.,
1460 1313 1741 1390 τέλειος,
1802 1321 1895 1378 cui
1942 1318 2276 1378 immolasse
2323 1336 2387 1377 se
2434 1320 2938 1396 Agamemnonem

694 1423 1170 1498 Clytaemnestra
1192 1424 1274 1482 ait
1304 1424 1622 1500 Ag.·1433.
1674 1417 1841 1481 Alaea
1871 1427 2011 1491 τοϊς
2043 1418 2390 1480 παθοῦσιν
2412 1420 2663 1499 μαθεῖν
2686 1413 2941 1498 ἐπιρρέ-

685 1541 802 1584 ’πει
848 1527 958 1602 Ag.
991 1530 1132 1588 261.
1223 1529 1301 1586 Ut
1346 1527 1458 1586 dea
1503 1527 1853 1603 imploratur
1900 1520 2062 1604 Δίκη
2122 1525 2227 1586 Oh.
2270 1529 2421 1600 243,
2475 1524 2578 1584 sed
2624 1515 2945 1584 'invocatur

666 1631 869 1705 „ctiam
920 1623 1068 1708 δίκη
1114 1631 1226 1707 ita,
1283 1635 1350 1688 ut
1393 1631 1492 1689 vix
1538 1631 1715 1688 aliter
1767 1647 1851 1686 ae·
1882 1629 2134 1704 simplex
2179 1611 2545 1704 appellativa
2586 1647 2702 1688 vox
2758 1628 2941 1705 expli·

694 1731 886 1790 canda
930 1732 1030 1809 sit,
1085 1737 1151 1792 ut
1203 1733 1372 1791 Eum.
1413 1736 1537 1792 514
1583 1729 1682 1805 (cf.
1730 1734 1871 1804 519,
1918 1728 2087 1807 528),
2135 1733 2283 1806 789,
2334 1731 2621 1805 imprimis
2666 1731 2769 1790 Oh.
2806 1733 2945 1806 148,

693 1834 791 1893 ubi
837 1833 1061 1894 diserte
1108 1828 1256 1912 δίκη
1305 1853 1339 1892 a
1385 1834 1512 1894 deis
1557 1837 1894 1910 separatur.
1984 1831 2067 1894 Of.
2110 1834 2285 1892 etiam
2330 1832 2433 1893 Oh.
2464 1835 2607 1908 495,
2654 1833 2753 1892 nbi
2782 1834 2940 1907 Aga-

693 1955 970 2022 memnon
1033 1938 1347 1996 invocatur
1403 1936 1598 1994 verbis
1663 1929 1860 2014 δίκην
1921 1928 2107 1994 ἰἀλλε
2170 1923 2513 2011 σύμμαχον
2570 1929 2821 2009 φίλοις,
2886 1939 2945 1995 et

695 2040 796 2100 Ch.
841 2043 982 2114 639,
1029 2039 1126 2098 ubi
1173 2058 1240 2098 re
1281 2057 1425 2098 vera
1470 2036 1771 2098 adiuvisse
1820 2056 1948 2096 eam
1997 2035 2241 2098 Orestes
2286 2036 2613 2114 praedicat.
2704 2040 2794 2098 De
2840 2057 2945 2097 ara

694 2141 962 2201 Iustitiae
1014 2141 1350 2218 Aeschylus
1397 2140 1568 2217 dicit,
1612 2139 1719 2200 sed
1766 2140 1827 2198 id
1875 2158 2114 2216 qnoque
2161 2139 2323 2199 haud
2370 2140 2715 2200 aliter'fere
2762 2147 2942 2218 atque

693 2244 1014 2319 allegorice
1063 2245 1172 2318 Ag.
1207 2246 1348 2318 394,
1396 2243 1564 2302 Eum.
1597 2246 1743 2302 542.
1830 2242 2113 2302 Similiter
2146 2241 2220 2300 de
2253 2242 2342 2301 his
2375 2243 2521 2302 locis
2562 2242 2941 2302 indicandum

693 2352 783 2406 est
830 2347 926 2405 ubi
969 2344 1268 2405 adiuvisse
1310 2364 1438 2405 eam
1482 2347 1755 2422 legimus,
1800 2346 1913 2421 Ag.
1949 2348 2129 2421 1607,
2177 2343 2283 2405 Ch.
2312 2348 2459 2420 947,
2506 2344 2700 2422 deque
2730 2346 2801 2404 iis
2844 2345 2941 2405 ubi

693 2449 944 2524 legimus
1002 2449 1128 2508 sive
1185 2441 1432 2524 ‘magna
1479 2465 1628 2507 voce
1684 2465 1813 2530 eam
1872 2447 2125 2512 clamare
2180 2431 2331 2526 ἀντὶ
2376 2441 2637 2525 πληγῆς
2679 2436 2944 2524 πληγήν

692 2537 841 2610 κζτ.
874 2543 970 2629 λ.’,
1015 2551 1119 2613 Ch.
1163 2554 1285 2613 309
1316 2569 1432 2629 sq.‚
1468 2552 1614 2612 -sive
1661 2544 1843 2610 (Δίκα
1888 2546 2209 2629 ξυμβαλεῖ
2246 2544 2451 2631 Δίκᾳ2
2507 2550 2651 2620 (scil.
2696 2550 2944 2611 alterius

692 2656 879 2732 partis
925 2674 1057 2715 cum
1105 2650 1389 2729 alterius)’
1436 2654 1539 2717 Oh.
1571 2658 1694 2715 459
1714 2653 1753 2713 3.
2760 2642 2763 2647 ¹

863 2760 1111 2818 Restant
1157 2759 1432 2817 nonnulli
1478 2758 1608 2828 loci,
1655 2757 1756 2816 ubi
1803 2758 2147 2833 simpliciter
2192 2758 2577 2834 appellative,
2624 2761 2689 2816 ut
2732 2759 2813 2817 ita
2858 2756 2943 2816 di-

693 2880 850 2937 cam,
894 2879 1012 2920 vox
1060 2854 1210 2938 δίκη
1265 2860 1404 2919 mihi
1451 2859 1689 2920 videtur
1744 2859 2103 2937 explicanda
2148 2878 2296 2919 esse.
2384 2859 2553 2933 Quae
2599 2864 2825 2938 tamen,
2878 2864 2943 2919 ut

691 2963 991 3041 perfectus
1020 2963 1123 3023 fiat
1155 2967 1532 3040 conspectus,
1577 2964 1850 3037 afferam3
1896 2967 2034 3048 sunt
2078 2962 2239 3039 Sept.
2271 2966 2394 3024 402
2410 2962 2452 3040 ⁴,
2490 2965 2603 3041 Ag.
2631 2968 2771 3042 767,
2800 2967 2945 3039 902,

696 3070 875 3137 1611,
923 3064 1028 3125 Ch.
1059 3068 1159 3137 59,
1204 3070 1344 3137 643,
1390 3064 1498 3141 frg.
1533 3068 1674 3126 257.

863 3176 1117 3230 Adnot.
1148 3181 1200 3242 1)
1255 3174 1340 3231 cf.
1377 3176 1661 3245 Klansen„
1700 3175 1865 3230 theol.
1905 3192 1956 3244 p.
1989 3180 2083 3229 129
2106 3190 2186 3245 sq.

865 3267 918 3325 2)
969 3258 1051 3316 cf.
1089 3264 1121 3327 ξ
1153 3266 1212 3315 17
1252 3262 1324 3315 de
1360 3260 1602 3315 diversis
1640 3260 1985 3330 singularum
2021 3262 2263 3331 partium
2304 3260 2591 3316 Martibus.
2659 3256 2662 3258 ’

863 3350 918 3412 3)
970 3347 1153 3401 Etiam
1190 3348 1296 3416 Ag.
1324 3363 1374 3402 v.
1407 3352 1535 3401 1537
1577 3348 1682 3403 huc
1718 3348 1850 3401 mihi
1886 3346 2215 3402 referendus
2246 3346 2493 3414 videtur,
2530 3347 2627 3402 ubi
2664 3348 2722 3401 in
2751 3347 2941 3401 verbis

689 3432 971 3500 corruptis
1007 3430 1162 3486 Δίκα
1199 3428 1444 3501 θηγάνει
1479 3423 1770 3503 μάχαιραν
1806 3434 1978 3487 latere
2014 3432 2147 3485 mihi
2184 3446 2514 3501 persuasum
2552 3439 2656 3487 est.

861 3522 916 3583 4)
971 3518 1145 3573 Recte
1178 3517 1267 3571 hic
1293 3518 1533 3586 explicat
1557 3518 1912 3573 scholiastes:
1952 3515 2091 3586 Δίκη
2121 3510 2168 3571 δ’
2191 3508 2484 3585 ὁμαίμων·
2523 3514 2588 3572 τὸ
2619 3523 2717 3587 τῆς
2742 3536 2943 3587 συγγε-

692 3601 845 3667 νείας
891 3601 1113 3657 δίκαιον
1160 3598 1388 3658 στέλλει
1439 3595 1616 3657 αὐτὸν
1667 3599 1749 3666 εἰς
1795 3597 1896 3673 τὴν
1944 3598 2151 3671 μάχην.
2224 3602 2332 3657 Cui
2376 3602 2761 3657 assentiuntur
2806 3602 2941 3657 Her-

689 3704 925 3742 mannus
968 3695 1025 3743 et
1059 3690 1122 3743 E.
1149 3686 1222 3742 A.
1247 3688 1291 3741 I.
1316 3685 1649 3742 Abrensius.
1725 3688 1909 3743 Aliter
1949 3704 2056 3742 nec
2088 3703 2220 3742 vero
2273 3693 2423 3742 recte
2468 3688 2823 3757 interpretari
2860 3688 2940 3743 vi-

691 3775 855 3828 detur
890 3773 1232 3827 Klausenius
1265 3774 1325 3839 (1.
1352 3774 1428 3841 1.).
1498 3773 1663 3828 Nulla
1688 3788 1859 3827 causa
1896 3779 2001 3838 est,
2038 3773 2190 3842 quod
2233 3771 2338 3826 hoe
2375 3774 2497 3826 loco
2536 3773 2727 3827 Martis
2763 3780 2820 3827 et
2856 3772 2943 3825 Iu-

691 3858 878 3913 stitiae
905 3858 1167 3927 cognatio
1197 3865 1670 3922 commemoretur,
1706 3874 1890 3927 neque
1926 3858 2154 3911 omnino
2190 3858 2251 3912 id
2286 3858 2418 3911 ferri
2455 3858 2661 3925 possit3
2708 3873 2820 3927 quo
2856 3873 2943 3912 ac·

690 3944 842 3999 cedit
889 3945 1041 4013 quod
1078 3943 1251 3999 verba
1295 3943 1378 3997 ita
1421 3943 1608 4013 posita
1645 3950 1805 4011 sunt,
1855 3949 1918 3997 nt
1955 3936 2222 4011 ὁμαίμων
2267 3944 2339 3996 ad
2375 3942 2784 4013 Melanippum,
2831 3959 2942 3997 non

690 4030 761 4083 ad
798 4030 1026 4084 Martem
1063 4029 1349 4098 pertinere
1387 4035 1668 4097 appareat.

1612 4185 1717 4252 12.
1774 4179 2021 4269 Λητώ.

862 4312 898 4383 ξ
939 4318 1036 4374 23.
1110 4315 1202 4371 De
1241 4313 1474 4397 Latona
1520 4312 1633 4371 hoc
1680 4328 1863 4371 unum
1912 4309 2074 4388 apud
2106 4310 2470 4387 Aeschylum
2520 4314 2732 4383 exstat,
2778 4310 2940 4388 quod

694 4415 910 4493 Apollo
955 4416 1084 4475 eius
1127 4414 1284 4475 filins
1331 4413 1695 4490 significatur
1742 4413 1909 4473 Eum.
1945 4416 2085 4475 324.
