3409 5200
2628 400 2707 456 15

635 570 726 629 De
772 571 1013 646 natura,
1059 568 1356 642 moribus,
1395 566 1575 627 rebus
1618 567 1881 644 propriis
1926 567 2236 628 Minervae
2280 567 2427 628 haec
2471 569 2711 628 exstant

463 671 626 749 apud
681 670 1063 747 Aeschylum.
1167 672 1254 730 De
1312 688 1375 730 se
1432 670 1563 747 ipsa
1623 667 1962 745 praedicat:
2040 656 2119 728 τό
2175 653 2243 728 δ’
2286 657 2483 747 ἄρσεν
2540 662 2713 727 αἰνῶ

461 759 704 847 πάντα,
746 759 932 850 πλὴν
963 761 1180 851 γάμου
1209 777 1453 849 τυχεῖν,
1495 766 1504 849 Ι
1545 754 1793 829 ἅπαντι
1822 768 2043 850 θυμῷ,
2090 760 2305 849 κάρτα
2338 757 2395 830 δ’
2417 764 2547 849 εἰμὶ
2586 767 2712 830 τοῦ

459 864 732 954 πατρός.
823 875 1025 949 Quare
1071 893 1200 935 sese
1233 874 1379 934 nihil
1411 891 1624 934 curare
1657 892 1783 934 eam
1832 892 1987 950 quae
2023 875 2296 934 maritum
2326 867 2712 951 interfecerit,

461 977 636 1053 eique
681 978 784 1055 qui
832 977 1021 1053 patris
1052 980 1298 1036 mortem
1333 976 1497 1036 ultus
1527 976 1604 1036 sit
1647 975 1853 1036 favere
1900 977 2068 1037 Eum.
2102 981 2223 1038 732
2245 994 2333 1054 sq.
2421 976 2708 1036 Iustitiam

459 1099 523 1139 se
585 1079 910 1141 defendere
968 1080 1240 1139 Minerva
1305 1080 1364 1138 in
1425 1078 1850 1154 stichomythia
1905 1080 2075 1139 Eum.
2116 1083 2236 1141 421
2272 1097 2360 1156 sq.
2420 1077 2712 1155 ostendit3

461 1200 581 1242 non
628 1183 838 1243 deesse
884 1183 938 1241 ei
985 1180 1338 1260 sapientiam
1383 1180 1545 1258 ipsae
1586 1181 1805 1241 Furiae
1850 1181 2192 1242 concedunt
2234 1201 2291 1242 v,
2320 1185 2461 1244 434.
2540 1177 2711 1258 Παρ·

461 1279 668 1355 θένος
727 1283 1068 1362 appellatur
1131 1284 1304 1343 Eum.
1349 1267 1543 1360 1000,
1617 1272 1993 1361 φιλόμαχον
2044 1273 2303 1362 ,κράτος
2362 1282 2523 1360 Sept.
2573 1287 2712 1344 120.

462 1387 660 1448 Solam
705 1403 769 1445 se
813 1384 1070 1445 deorum
1116 1384 1318 1444 claves
1363 1401 1538 1444 nosse
1586 1384 1800 1446 domus
1852 1385 1911 1445 in
1960 1403 2081 1462 qua
2136 1385 2361 1472 fulmen
2409 1386 2571 1445 Iovis
2621 1403 2712 1445 as·

461 1493 763 1564 servetur,
823 1488 1096 1548 Minerva
1156 1486 1302 1546 dicit
1364 1488 1531 1549 Eum.
1578 1487 1759 1550 8304.
1858 1489 2042 1566 Aegis
2105 1489 2413 1549 Minervae
2469 1488 2712 1566 propria

463 1594 959 1650 commemoratur
1002 1590 1172 1649 Eum.
1204 1592 1348 1667 407,
1393 1607 1513 1665 qua
1547 1591 1752 1651 inflata
1796 1592 2101 1668 tamquam
2146 1609 2256 1667 pro
2296 1591 2408 1652 alis
2452 1609 2561 1652 usa
2605 1609 2713 1668 per

461 1699 662 1754 aerem
709 1692 964 1753 vehitur.
1172 1691 1178 1697 ’

632 1796 668 1866 ξ
711 1799 806 1856 12.
880 1794 1331 1856 Atheniensium
1390 1795 1531 1855 urbs
1590 1799 1834 1872 praeter
1887 1800 2118 1857 ceteras
2178 1797 2482 1857 Minervae
2538 1813 2714 1858 sacra

461 1899 585 1958 sive
630 1898 877 1974 propria
933 1902 991 1957 et
1038 1897 1359 1974 peculiaris
1413 1903 1537 1976 est,
1590 1891 1949 1969 Παλλάδος
1992 1888 2190 1969 πόλις
2243 1900 2413 1960 Ειιιιι.
2446 1901 2543 1976 79,
2590 1901 2710 1960 775

461 2001 560 2073 (cf.
606 1999 785 2077 917),
843 1985 1040 2060 ἀκταὶ
1096 1991 1430 2079 ναύποροι
1476 1991 1830 2072 Παλλάδος
1883 2003 2053 2063 Ειιιιι.
2095 2007 2201 2082 10,
2245 2002 2316 2062 cf.
2366 2005 2517 2080 288,
2564 2006 2715 2088 6713

462 2095 673 2165 nomen
739 2089 1053 2182 Ἀθηναία
1117 2107 1230 2164 iam
1297 2123 1480 2183 supra
1545 2110 2066 2166 commemoratum
2127 2110 2238 2166 est.
2338 2105 2491 2166 Suos
2553 2105 2713 2164 cives

460 2209 861 2269 Athenienses
919 2209 1194 2268 Minerva
1246 2207 1392 2269 dicit
1453 2209 1620 2268 Eum.
1661 2213 1786 2269 490
1834 2207 1948 2281 ·(cf.
1988 2211 2155 2269 Eum.
2195 2213 2320 2270 404
2352 2227 2460 2286 sq„
2508 2205 2715 2280 1002),

462 2317 522 2371 et
575 2312 634 2371 in
680 2311 883 2371 Attica
936 2312 1136 2370 Furiis
1198 2312 1420 2370 cultum
1485 2317 1965 2387 comparaturam
2024 2330 2153 2372 sese
2210 2330 2340 2372 csse
2399 2312 2715 2390 pollicetur

462 2416 631 2474 Eum.
664 2417 783 2475 797
804 2431 893 2490 sq.
980 2415 1047 2472 ln
1100 2414 1230 2489 ipsa
1273 2413 1670 2473 Eumenidum
1718 2413 1957 2475 fabulae
2004 2433 2214 2491 scena,
2272 2433 2394 2492 qua
2437 2414 2710 2476 Athenae

460 2521 901 2597 proponuntur,
945 2517 1324 2577 simulacrum
1360 2518 1665 2578 Minervae
1698 2521 2066 2596 spectatores
2099 2519 2476 2595 conspiciunt
2523 2537 2576 2579 v.
2610 2521 2709 2596 79,

463 2625 604 2699 235,
647 2625 790 2683 412.
878 2623 1126 2681 Praeter
1173 2610 1444 2682 Athenas
1499 2621 1631 2681 loca
1677 2622 1985 2681 Minervae
2031 2640 2204 2681 sacra
2248 2639 2709 2682 commemoran-

460 2729 588 2784 tur:
630 2724 844 2784 Triton
877 2723 1043 2784 lacus
1075 2725 1246 2783 Eum.
1276 2727 1418 2801 293,
1460 2724 1720 2801 Phlegra
1752 2725 1921 2784 Eum.
1950 2727 2092 2801 295,
2121 2724 2472 2785 Thebanum
2507 2723 2712 2784 Oncae

385 2894 390 2908 ·
459 2825 692 2905 fanum,
734 2828 943 2903 portae
987 2826 1250 2886 vicinum
1307 2827 1465 2904 Sept.
1509 2829 1654 2904 474,
1703 2827 1865 2901 488;
1921 2820 2218 2905 προναία
2274 2846 2309 2885 a
2352 2827 2571 2903 Pythia
2624 2826 2712 2886 in-

460 2932 714 2989 vocatur
763 2930 936 2989 Eum.
970 2932 1070 2988 21.

629 3030 844 3089 Partes
890 3048 1011 3089 non
1052 3029 1380 3090 mediocres
1427 3030 1739 3090 Minervae
1785 3034 1927 3091 sunt
1970 3031 2028 3090 in
2064 3030 2295 3092 Orestis
2326 3031 2543 3091 fabula.
2617 3030 2710 3090 Ab

461 3133 742 3211 Apolline
786 3132 1124 3193 admonitus
1182 3134 1232 3192 is
1276 3132 1548 3193 Athenas
1582 3134 1665 3202 *in
1712 3134 1868 3194 illius
1912 3132 2159 3211 adytum
2218 3133 2486 3211 confugit
2541 3133 2713 3209 petit-

460 3253 606 3311 que,
666 3240 734 3295 ut
776 3252 812 3293 a
857 3234 1056 3295 Furiis
1112 3235 1418 3295 liberetur.
1506 3236 1644 3295 Non
1692 3233 1864 3297 deest
1922 3237 2049 3297 eius
2103 3237 2381 3313 precibus
2441 3236 2711 3297 Minerva

461 3342 521 3397 et
562 3338 886 3414 Areopago
929 3338 1149 3398 iudicio
1204 3337 1477 3399 instituto
1532 3337 1748 3416 efficit,
1806 3344 1873 3399 ut
1926 3339 2145 3400 Furiae
2206 3358 2341 3405 eum
2398 3338 2712 3399 dimittant.

460 3440 626 3499 Haec
693 3440 934 3516 copiose
1002 3440 1060 3499 in
1130 3439 1564 3501 Eumenidibus
1629 3441 1968 3518 Aeschylus
2032 3441 2315 3503 tractavit
2381 3460 2434 3500 v.
2490 3443 2567 3501 79
2604 3457 2713 3517 sq„

464 3546 583 3603 235
608 3560 698 3619 sq.
745 3559 936 3620 usque
982 3542 1056 3601 ad
1102 3540 1335 3603 finem¹⁵.
1425 3544 1747 3604 Praeterea
1802 3543 2117 3605 occasione
2162 3544 2303 3605 data
2361 3560 2711 3603 commemo-

461 3650 656 3704 ratur:
712 3646 1216 3722 Agamemnonem
1261 3649 1443 3721 atque
1476 3638 1737 3724 Argivos
1782 3647 2023 3710 Troiam
2069 3650 2486 3725 oppugnantes
2530 3664 2566 3705 a
2605 3646 2709 3705 Mi-

463 3765 650 3805 nerva
704 3746 940 3807 adiutos
997 3765 1127 3807 esse
1180 3747 1348 3807 Eum.
1389 3752 1544 3826 460,
1604 3768 1825 3827 prorae
1870 3751 2072 3827 Argus
2129 3749 2299 3809 navis
2355 3768 2393 3809 a
2437 3748 2712 3809 Minerva

463 3846 583 3923 fagi
645 3848 1009 3909 Dodonaeae
1082 3851 1382 3909 materiam
1445 3851 1749 3928 quandam
1815 3853 2155 3930 loquentem
2235 3853 2515 3911 insertam
2578 3868 2708 3912 esse

467 3947 579 4025 frg.
613 3953 718 4027 19,
771 3951 1070 4013 adiuvisse
1117 3972 1245 4013 eam
1292 3952 1524 4014 Ulixem
1583 3973 1656 4014 ea
1699 3974 1795 4032 re,
1840 3955 2000 4032 quod
2046 3956 2339 4031 effecerit,
2394 3959 2461 4014 ut
2506 3972 2707 4032 quam·

465 4070 644 4129 quam
690 4052 832 4113 nihil
874 4059 1160 4115 mutatum
1207 4055 1570 4117 Philoctetes
1616 4075 1750 4116 eum
1784 4076 1903 4118 non
1935 4062 2305 4135 agnosceret,
2349 4058 2465 4116 Dio
2497 4056 2709 4133 Chrys.

464 4173 548 4214 or.
588 4154 699 4214 LII
744 4154 1022 4234 (Nauck,
1065 4157 1177 4235 frg.
1209 4163 1281 4218 tr.
1320 4178 1378 4237 p.
1412 4162 1520 4233 623
1564 4160 1786 4236 Herm„
1830 4158 1941 4236 frg.
1975 4159 2141 4233 263).

635 4282 895 4338 Adnot.
925 4286 978 4349 1)
1031 4284 1114 4339 cf.
1153 4284 1438 4352 Klausen.‚
1478 4286 1646 4341 theol.
1685 4304 1738 4356 p.
1772 4293 1865 4341 108
1886 4303 1969 4357 sq.

635 4371 691 4434 2)
743 4367 828 4423 Cf.
865 4368 1037 4424 schol.
1075 4370 1146 4423 ad
1182 4370 1234 4424 h.
1259 4388 1312 4426 v.
