3409 5200
2646 422 2725 479 27

1247 585 1354 654 13.
1416 581 1756 671 Κράτος,
1804 586 1966 651 Βία.

651 713 685 783 ἓ
729 718 828 774 24.
901 701 1170 790 Κράτος
1211 718 1271 774 et
1299 706 1454 786 Βία,
1500 713 1658 773 Iovis
1703 711 1974 788 ministri,
2018 712 2076 770 in
2109 729 2347 771 scenam
2395 709 2732 786 procedunt

479 817 540 874 in
572 815 854 894 Aeschyli
892 816 1231 878 Promethei
1267 817 1464 876 Vincti
1506 815 1761 893 prologo
1803 812 1883 887 (v.
1917 811 2166 886 1—87).
2226 815 2302 872 Hi
2335 813 2490 872 enim
2524 831 2559 872 a
2590 813 2732 872 Iove

483 920 624 980 iussi
689 924 833 980 sunt
894 918 1316 980 Prometheum
1381 923 1657 980 tenentes
1720 920 1929 979 iuvare
1987 919 2317 977 Vulcanum
2382 915 2459 975 ad
2521 911 2730 992 ru‘pem

482 1023 645 1082 illum
695 1021 1059 1100 alligantem‚
1104 1023 1299 1082 Prom.
1336 1026 1411 1084 12
1435 1039 1522 1100 sq.
1609 1023 1659 1082 E
1691 1020 1908 1099 quibus
1939 1014 2071 1079 Βία
2116 1025 2279 1080 muta
2322 1017 2733 1080 tantummodo

486 1143 751 1201 persona
796 1130 887 1184 est
947 1144 1144 1203 neque
1201 1125 1453 1202 amplius
1509 1124 1839 1203 quidquam
1898 1124 1971 1184 de
2027 1143 2099 1184 ea
2152 1126 2361 1183 exstat.
2450 1121 2733 1181 Pluribus

481 1226 737 1286 Roboris
800 1244 996 1286 mores
1056 1227 1408 1305 pinguntur.
1505 1226 1710 1286 Durus
1769 1226 1897 1285 eins
1949 1226 2183 1285 animus
2238 1229 2327 1284 est
2380 1223 2475 1283 vel
2536 1223 2735 1300 potius

485 1329 663 1406 plane
710 1329 1000 1388 immanis.
1077 1329 1394 1404 Vituperat
1432 1328 1767 1388 Vulcanum
1821 1330 2069 1405 propter
2121 1325 2459 1387 Promethei
2516 1325 2734 1384 miseri-

483 1431 746 1492 cordiam
802 1435 1321 1507 monetqueeum,
1387 1448 1462 1491 ne
1517 1435 1836 1491 cunctetur
1900 1430 2061 1490 Iovis
2117 1430 2411 1506 imperata
2470 1428 2736 1504 exsequi,

483 1533 682 1593 Prom.
723 1537 802 1594 36
828 1551 932 1610 sq„
983 1536 1062 1594 67
1085 1550 1172 1608 sq.
1263 1532 1421 1606 Quin
1475 1532 1648 1592 etiam
1695 1531 1893 1592 illudit
1937 1532 2356 1592 Prometheum
2403 1529 2481 1589 ad
2526 1547 2735 1606 rupem

486 1637 781 1712 vinctum,
842 1654 1018 1712 quem
1082 1634 1268 1696 iustas
1325 1635 1453 1694 lovi
1515 1652 1744 1713 poenas
1806 1632 1951 1695 dare
2014 1640 2218 1694 censet
2274 1637 2437 1710 7sq.,
2492 1636 2591 1709 37,
2639 1634 2736 1691 70.

482 1739 677 1798 Animi
725 1740 852 1798 eius
897 1739 1248 1799 immanitati
1297 1738 1568 1814 corporis
1612 1736 1805 1797 forma
1848 1736 2295 1797 accommodata
2342 1739 2433 1796 est
2482 1738 2560 1795 78
2582 1752 2671 1811 sq.

652 1843 788 1903 Una
847 1861 978 1903 cum
1041 1844 1185 1903 Iove
1249 1846 1308 1902 et
1368 1840 1605 1902 Iustitia
1660 1841 1981 1901 invocatur
2035 1829 2300 1918 Κράτος
2360 1840 2435 1900 ab
2496 1838 2737 1898 Electra

483 1947 590 2008 Ch.
626 1951 766 2008 243.
1367 1983 1376 2000 .

1364 2058 1470 2126 14.
1525 2049 1865 2144 <Εκάτηῖ.

421 2263 430 2272 .
653 2186 688 2255 ἓ
723 2189 820 2248 25.
875 2187 1136 2245 Hecates
1169 2185 1317 2246 deae
1349 2186 1731 2246 simulacrum
1764 2186 2103 2245 invocatur:
2146 2167 2442 2243 δέσποιν’
2466 2167 2696 2261 Ἑκάτη

483 2285 626 2347 τῶν
669 2283 1026 2362 βασιλείων
1070 2277 1453 2367 πρόδομοςῖ
1497 2277 1868 2367 μελάθρων
1913 2288 2024 2365 frg.
2065 2288 2242 2350 3863.

654 2400 915 2454 Adnot.
951 2403 1004 2465 1)
1061 2397 1147 2455 Cf.
1183 2399 1468 2466 Klausen.,
1510 2398 1678 2456 theol.
1717 2417 1769 2469 p.
1797 2405 1879 2454 99.

657 2488 711 2550 2)
760 2483 846 2540 Cf.
871 2483 1136 2546 Ahrens..
1164 2484 1338 2560 schol.¹
1355 2483 1591 2541 'l'heocr.
1617 2487 1685 2554 H,
1706 2492 1772 2542 36
1810 2493 1866 2542 et
1891 2485 2187 2541 Hermann.
2211 2485 2283 2540 ad
2309 2485 2415 2539 hoc
2439 2484 2543 2552 frg.
2567 2486 2735 2553 (355).

484 2604 550 2611 —
587 2571 673 2629 De
716 2571 923 2627 Hecate
969 2567 1213 2627 εἰσόδων
1252 2571 1453 2627 tutrice
1491 2571 1622 2627 vide
1667 2577 1697 2640 ξ
1735 2578 1793 2628 16
1837 2572 1963 2628 adn.
1992 2577 2037 2627 4.
2108 2569 2193 2629 Cf.
2230 2570 2739 2637 Preller.·Robert.,

483 2658 578 2712 Gr.
603 2656 777 2727 Myth.
803 2658 844 2725 1,
882 2676 936 2727 p.
965 2661 1079 2713 322.

655 2747 712 2810 3)
755 2735 962 2812 Ἑκάτη
1011 2745 1046 2799 i.
1084 2759 1131 2799 e.
1168 2744 1487 2813 iaculatrix,
1538 2746 1702 2813 longe
1739 2746 2020 2807 iaculans,
2068 2744 2282 2798 Dianae
2317 2743 2602 2813 epitheton
2652 2748 2741 2797 est

482 2828 660 2898 Supp.
687 2834 802 2883 684.
851 2827 1023 2896 (Vide
1059 2829 1090 2897 ξ
1121 2833 1224 2895 16).
1287 2831 1370 2883 Ex
1396 2828 1651 2884 hocloco
1688 2836 2123 2898 comparatoque
2159 2827 2265 2897 frg.
2299 2834 2412 2896 169,
2452 2827 2547 2883 ubi
2575 2821 2738 2883 ἀστε-

487 2909 686 2984 ρωπὸν
723 2908 884 2982 ὄμμα
920 2910 1166 2988 Λητῳάς
1201 2910 1384 2986 κόρας
1433 2917 1503 2970 de
1548 2917 1679 2969 luna
1728 2915 1958 2981 dicitur,
2006 2914 2197 2984 colligi
2234 2915 2367 2969 licet
2415 2930 2579 2967 unam
2616 2928 2740 2969 ean-

486 2998 723 3067 demque
761 2998 920 3052 deam
956 2998 1194 3054 Dianam
1231 3006 1291 3054 et
1326 2998 1569 3055 Hecaten
1619 3005 1685 3054 ut
1721 2999 1792 3053 ab
1830 3000 1953 3054 aliis
2004 2998 2085 3053 sic
2131 3000 2295 3054 etiam
2342 2999 2410 3053 ab
2447 2995 2740 3069 Aeschylo

486 3082 687 3152 putari.
759 3082 954 3151 Itaque
991 3083 1064 3137 ad
1101 3082 1333 3138 Dianam
1372 3084 1539 3138 etiam
1577 3082 1683 3154 frg.
1712 3090 1809 3139 386
1847 3082 2019 3139 refert
2056 3084 2398 3138 Klausenius
2432 3083 2494 3149 (l.
2519 3084 2593 3149 l.).
2656 3083 2742 3138 cf.

487 3167 872 3223 Wilamowitz.
907 3168 1116 3235 (Herm.
1145 3172 1201 3223 21
1247 3186 1302 3239 p.
1330 3173 1469 3235 609).
1542 3170 1917 3225 Nihilominus
1942 3169 2201 3238 equidem
2242 3169 2645 3238 disiungendas
2682 3170 2739 3222 in

485 3252 590 3307 hac
625 3253 854 3309 deorum
892 3260 1203 3324 conspectu
1239 3270 1333 3310 eas
1372 3270 1497 3311 esse
1533 3257 1734 3324 putavi
1772 3262 1829 3310 et
1864 3255 2289 3325 perspicuitatis
2326 3270 2497 3309 causa
2532 3260 2589 3309 et
2626 3270 2738 3307 ma·

487 3339 648 3405 xime,
697 3340 829 3408 quia
865 3339 970 3393 hoc
1007 3337 1112 3410 frg.
1148 3345 1246 3395 386
1295 3342 1366 3395 ad
1403 3341 1687 3397 Theocriti
1724 3342 1906 3397 locum
1942 3346 2014 3408 (2,
2041 3341 2130 3410 36)
2167 3357 2200 3395 a
2236 3341 2539 3397 scholiasta
2572 3338 2741 3395 refer-

486 3430 604 3493 tur,
652 3424 749 3479 ubi
786 3431 977 3494 aperte
1013 3427 1194 3496 agitur
1236 3427 1306 3481 de
1343 3427 1555 3483 Hecate
1591 3424 1931 3502 τριμόρῳῳ,
1981 3442 2145 3496 quam
2181 3443 2215 3481 a
2250 3426 2430 3481 Diana
2479 3426 2741 3495 quodam-

429 3531 440 3539 ·
486 3511 652 3565 modo
695 3510 1095 3565 secernendam
1141 3526 1268 3566 esse
1315 3511 1649 3567 Welckerus
1696 3512 1819 3579 (Gr.
1854 3513 2089 3567 Gutterl.
2127 3512 2178 3565 Π
2215 3529 2268 3581 p.
2302 3517 2400 3566 398
2420 3528 2521 3581 sq„
2557 3527 2741 3580 praec.

487 3614 540 3665 p.
568 3600 695 3663 404)
737 3602 795 3650 et
830 3597 1319 3652 Preller.-Robert.
1354 3598 1480 3664 (Gr.
1505 3598 1680 3669 myth.
1716 3598 1741 3651 1
1776 3615 1831 3668 p.
1859 3604 1952 3653 321
1979 3600 2087 3669 sq.)
2126 3600 2542 3665 demonstrant3
2590 3598 2741 3653 unde

487 3680 868 3737 coniciendum
908 3686 996 3736 est
1043 3682 1208 3737 etiam
1247 3682 1524 3754 Aeschyli
1572 3682 1671 3738 illa
1710 3682 1884 3738 verba
1930 3684 2000 3738 ad
2038 3682 2179 3738 hanc
2217 3683 2519 3738 triformem
2556 3698 2741 3752 mago-

488 3778 607 3819 rum
643 3764 891 3820 Hecaten
926 3766 1228 3835 pertinere.

1243 3958 1349 4025 15.
1409 3949 1670 4038 Ἐνυώ,
1720 3954 1995 4038 Φόβος.

661 4085 695 4155 ξ
739 4089 838 4146 26.
911 4087 1002 4144 De
1049 4085 1256 4145 Phobo
1304 4089 1364 4143 et
1409 4086 1584 4162 Enyo
1633 4085 1747 4144 hoc
1796 4103 1977 4145 unum
2036 4083 2193 4162 apud
2243 4085 2606 4162 Aeschylum
2654 4087 2740 4145 in-

489 4187 753 4263 venitur,
812 4186 975 4264 quod
1031 4205 1150 4246 una
1203 4206 1338 4247 cum
1396 4189 1587 4248 Marte
1642 4188 2001 4247 invocantur
2061 4206 2097 4245 a
2141 4187 2530 4247 bellatoribus
2586 4188 2739 4247 iure-

489 4288 746 4349 iurando
797 4308 862 4349 se
916 4288 1427 4369 obstringentibus
1483 4288 1643 4371 Sept.
1686 4292 1788 4353 45.
1876 4288 2103 4350 Ibidem
2155 4278 2377 4361 Φόβος
2429 4285 2741 4369 φιλαίμα-

491 4407 607 4463 tog
652 4391 888 4453 dicitur.
2486 4420 2493 4434 ·
