3409 5200
616 388 737 446 -24

655 555 974 630 summum,
1029 571 1249 631 praeco
1289 551 1729 629 Aegyptiorum
1778 569 1911 611 eum
1960 547 2069 611 sibi
2114 550 2381 611 vindicat
2425 550 2612 630 Supp.
2654 556 2795 629 931,
2850 556 2911 611 et

655 656 773 717 huc
826 655 1207 717 referendum
1257 659 1376 732 est,
1435 653 1596 731 quod
1645 653 1970 714 identidem
2020 655 2358 714 Mercurius
2413 655 2791 732 imploratur,
2845 658 2911 714 ut

655 758 980 818 secundum
1029 756 1131 817 det
1175 762 1455 818 eventum
1503 756 1755 817 Orestae
1796 754 2148 832 Aegisthum
2198 759 2484 840 necaturo
2531 755 2635 816 Oh.
2673 761 2727 834 1,
2768 760 2911 833 723,

655 861 780 922 808
799 878 887 936 sq.
976 861 1225 920 Praeter
1266 863 1500 920 ceteros
1546 861 1747 917 autem
1796 856 2043 917 deducit
2089 861 2357 920 mortuos
2388 859 2656 920 homines
2701 858 2779 918 ad
2824 858 2910 918 in·

655 963 828 1023 feros.
919 963 1009 1022 Eo
1049 963 1353 1040 pertinent
1384 978 1615 1038 versus,
1659 961 1765 1038 qui
1814 963 2152 1037 sequuntur
2184 961 2455 1021 versibus
2500 960 2676 1021 modo
2712 960 2911 1022 allatis

657 1065 762 1126 Oh.
805 1069 926 1126 812
959 1081 1072 1141 sq.;
1143 1064 1230 1125 sic
1275 1053 1571 1142 κιγχάνει
1616 1079 1725 1124 νιν
1772 1046 2002 1141 Ἑρμῆς
2062 1062 2282 1124 dictum
2340 1067 2431 1124 est
2483 1065 2558 1125 ab
2603 1063 2909 1144 Aeschylo

657 1188 769 1246 pro
825 1167 1125 1232 ‘moritur’
1181 1167 1286 1228 Ch.
1335 1171 1475 1228 620.
1568 1153 1877 1236 Χθόνιος
1938 1167 2279 1242 appellatur
2340 1167 2444 1247 Oh.
2490 1172 2543 1244 1,
2596 1171 2736 1244 124,
2787 1171 2907 1228 723

647 1258 965 1347 (χθόνιος
1013 1263 1128 1328 καὶ
1175 1258 1452 1346 νύχιος),
1509 1261 1761 1346 ἐνέρων
1806 1258 2119 1342 βασιλεύς
2163 1270 2329 1328 Pers·
2362 1273 2503 1332 632.
2591 1271 2912 1331 Invocatur

657 1374 732 1433 ab
793 1373 906 1434 illis
973 1373 1079 1449 qui
1133 1377 1496 1433 mortuorum
1559 1373 1785 1434 animas
1846 1377 2097 1442 vocant,
2160 1377 2225 1432 ut
2282 1362 2450 1442 τούς
2503 1368 2623 1451 γῆς
2676 1362 2910 1452 ἔνερθε

660 1470 978 1554 δαίμονας
1032 1476 1322 1553 propitios
1369 1475 1455 1535 eis
1501 1474 1717 1536 reddat
1770 1473 1875 1535 Ch.
1912 1479 2030 1535 142
2057 1492 2162 1552 sq„
2215 1475 2310 1534 vel
2363 1475 2438 1534 ab
2492 1475 2575 1536 eis
2630 1476 2734 1553 qui
2788 1493 2912 1536 car·

661 1579 918 1639 minibus
964 1582 1232 1639 mortuos
1277 1577 1352 1637 ab
1393 1577 1601 1638 inferis
1647 1577 1864 1637 elicere
1906 1583 2203 1638 conantur
2248 1579 2412 1636 PerS.
2448 1583 2589 1642 632.
2676 1579 2755 1640 Et
2799 1597 2915 1638 me-

659 1683 835 1760 talla,
879 1701 1011 1741 cum
1061 1681 1182 1741 sint
1228 1681 1650 1758 subterranea,
1705 1670 1942 1757 ἓρμαία
1989 1668 2170 1750 δόσις
2216 1680 2501 1742 dicuntur
2558 1683 2728 1742 Eum.
2770 1685 2913 1745 948.
2974 1721 2979 1726 -

829 1819 863 1889 ξ
905 1823 1004 1880 20.
1078 1818 1372 1895 Imprimis
1414 1821 1613 1878 autem
1672 1817 1831 1878 Iovis
1878 1816 2069 1893 patris
2127 1817 2252 1876 sive
2311 1817 2909 1879 omniumdeorum

661 1939 922 2000 praeco
971 1921 1304 1980 Mercurius
1347 1926 1455 1980 est.
1544 1919 1676 1978 Hoc
1720 1937 1965 1979 munere
2010 1917 2284 1997 fungitur
2329 1921 2386 1979 in
2431 1920 2710 1996 Aeschyli
2751 1914 2913 1981 ‘Pro-

659 2025 892 2085 metheo
927 2016 1168 2083 Vincto’
1215 2042 1250 2082 a
1290 2027 1463 2099 patre
1506 2023 1737 2098 missus,
1785 2026 1849 2082 ut
1888 2023 2241 2099 exquirat-e
2273 2021 2631 2082 Prometheo
2673 2024 2914 2100 nuptias

659 2146 811 2204 quas
856 2127 958 2185 ille
1003 2127 1186 2185 iactat
1231 2127 1428 2184 Prom.
1462 2128 1584 2186 976
1607 2143 1693 2201 sq.
1786 2124 1913 2183 Illic
1946 2141 2009 2184 se
2041 2125 2169 2201 ipse
2200 2125 2467 2184 nominat
2510 2118 2718 2202 πατρὶ
2749 2119 2915 2204 Ζηνὶ

657 2218 901 2288 πιστὸν
947 2213 1234 2306 ἄγγελον
1284 2231 1467 2303 1001,
1523 2244 1656 2286 cum
1718 2226 2115 2287 Prometheus
2177 2228 2559 2304 contemptim
2622 2245 2759 2286 eum
2814 2246 2912 2304 ap-

659 2333 842 2410 pellet
886 2321 1042 2402 Διός
1085 2319 1317 2410 τρόχιν
1364 2333 1516 2406 973,
1572 2318 1898 2388 διάκονον
1943 2332 2096 2406 974,
2148 2325 2338 2388 θεῶν
2382 2312 2727 2408 ὑπηρέτην
2773 2333 2916 2408 986,

667 2437 828 2495 1015
878 2434 1124 2510 eiusque
1158 2451 1370 2493 munus
1416 2426 1730 2509 λατρείαν
1779 2435 1921 2494 998.
2010 2434 2236 2494 Praeco
2270 2427 2747 2510 Agamemnonis
2778 2452 2911 2494 eum

659 2541 836 2597 vocat
879 2525 1207 2615 τιμάορον
1239 2555 1431 2615 suum,
1477 2530 1686 2611 φίλον
1716 2521 1995 2617 κήρυκα,
2042 2524 2358 2617 κηρύκων
2390 2531 2581 2612 σέβας
2624 2538 2735 2616 Ag.
2770 2541 2914 2616 520,

619 2640 897 2700 .Electra
939 2627 1200 2717 κήρυκα
1243 2632 1554 2717 μέγιστον
1599 2635 1746 2705 ,τῶν
1792 2625 1936 2698 ἄνω
1980 2656 2051 2699 τε
2098 2634 2209 2699 καὶ
2255 2628 2441 2698 κάτω
2488 2639 2602 2700 Oh.
2631 2643 2749 2702 123
2765 2638 2807 2698 4.

725 2790 730 2797 .
832 2744 922 2801 De
970 2742 1290 2802 moribus
1337 2742 1680 2802 Mercurii
1731 2760 1925 2819 pauca
1970 2743 2168 2819 colligi
2211 2747 2465 2819 possunt
2509 2762 2587 2801 ex
2625 2761 2697 2802 ea
2731 2760 2917 2802 scena

660 2865 836 2922 quam
887 2845 1059 2905 modo
1106 2847 1564 2905 commemoravi
1611 2847 1807 2905 Prom.
1852 2850 1974 2906 976
2000 2864 2086 2923 sq.
2177 2845 2435 2906 Praebet
2489 2864 2554 2905 se
2610 2846 2731 2906 illic
2785 2845 2914 2905 Iovi

657 2948 912 3025 fidelem,
957 2949 1126 3008 cuius
1173 2934 1446 3024 partibus
1486 2949 1561 3007 ab
1606 2949 1767 3008 omni
1814 2954 1986 3024 parte
2031 2948 2210 3008 favet.
2297 2948 2691 3008 Prometheus
2732 2949 2914 3025 igitur

660 3057 718 3111 iu
779 3052 1145 3111 inimicorum
1201 3068 1446 3111 suorum
1502 3068 1751 3111 numero
1807 3068 1942 3111 eum
1989 3050 2167 3133 ducit,
2203 3055 2396 3128 1005,
2452 3050 2554 3129 qui
2611 3051 2916 3113 beneficiis

660 3174 695 3213 a
726 3173 790 3213 se
831 3155 1029 3213 affecti
1077 3152 1363 3212 maleficia
1404 3152 1512 3212 sibi
1558 3153 1814 3213 reddant
1864 3156 2043 3215 1008.
2133 3153 2471 3213 Mercurius
2508 3159 2706 3214 autem
2749 3154 2913 3213 iden·

661 3256 837 3316 tidem
887 3258 1014 3316 eius
1061 3257 1488 3316 contumaciam
1538 3255 1840 3333 vituperat
1895 3256 2248 3334 suadetque,
2296 3262 2360 3317 ut
2403 3256 2726 3335 prudentia
2771 3257 2915 3318 usus

660 3361 786 3420 lovi
815 3378 882 3419 se
905 3358 1174 3437 subiciat,
1205 3358 1366 3436 quod
1403 3359 1653 3419 laudant
1676 3358 2014 3420 Oceanides
2039 3359 2399 3420 Prometheo
2426 3345 2700 3421 faventes
2736 3364 2915 3421 1068.

832 3464 1059 3540 Argum
1106 3482 1142 3521 a
1188 3463 1486 3523 Mercurio
1532 3463 1912 3523 interfectum
1961 3481 2092 3524 esse
2153 3467 2511 3525 memoratur
2563 3462 2745 3541 Supp.
2790 3468 2914 3526 309

661 3565 762 3638 (cf.
800 3568 997 3625 Prom.
1031 3563 1199 3638 707).
1259 3563 1483 3626 Sacra
1515 3564 1779 3643 denique
1811 3567 2093 3626 Mercurii
2128 3567 2287 3647 loyca
2328 3567 2669 3643 Aeschylus
2709 3566 2916 3627 laudat

655 3652 966 3747 Ἑρμαῖον
997 3661 1203 3738 λέπας
1233 3656 1509 3747 Λήμνου
1552 3670 1664 3745 Ag.
1699 3672 1822 3730 295
1870 3673 1930 3728 et
1975 3668 2267 3746 Cyllenen
2316 3673 2577 3730 montem
2617 3668 2915 3731 Arcadiae

662 3772 772 3848 frg.
807 3770 975 3833 271⁵.

835 3862 1138 3935 Mentione
1197 3877 1513 3950 praeterea
1572 3873 1820 3951 dignum
1879 3878 1997 3953 est,
2057 3874 2218 3952 quod
2280 3872 2498 3935 dicitur
2558 3874 2744 3953 Supp.
2791 3877 2912 3937 226

663 3978 839 4036 alium
888 3995 1017 4037 esse
1055 3959 1290 4055 Ἑρμῆν
1331 3994 1406 4036 ex
1451 3978 1920 4055 Acgyptiorum,
1973 3978 2149 4037 alium
2198 3977 2562 4037 Graecorum
2611 3976 2916 4039 doctrinis.

833 4104 1088 4160 Adnot.
1117 4110 1172 4173 1)
1229 4104 1314 4161 cf.
1349 4106 1634 4173 Klausen.,
1672 4104 1840 4161 theol.
1880 4123 1932 4175 p.
1964 4111 2052 4160 101
2080 4122 2163 4175 sq.

837 4193 893 4260 2)
949 4190 1205 4245 Arcades
1251 4196 1310 4245 et
1345 4190 1520 4247 lacum
1559 4190 2000 4263 Stymphalicum
2048 4190 2157 4247 dici
2206 4191 2377 4247 schol.
2411 4190 2705 4261 Aristoph.
2746 4196 2915 4247 testa-

663 4283 772 4332 tur.
831 4274 917 4333 ef.
951 4277 984 4347 ξ
1021 4282 1129 4331 132.

833 4366 890 4428 3)
942 4359 1027 4419 cf.
1068 4363 1100 4432 ς
1135 4366 1217 4416 95.
